2962 4942
215 448 291 506 VIII
657 446 887 503 PRAEFATIO.

216 631 374 698 babemus.
413 630 475 695 Est
488 629 601 709 folium
616 631 896 710 membranaceum,
913 628 1092 694 mmmmm
1107 637 1332 711 quaternorum

215 720 253 786 in
276 719 402 803 777777
431 739 586 797 7777777,
617 718 673 799 aui
703 740 734 782 7.
759 724 833 781 769.
864 717 1017 799 mutilmn,
1049 725 1114 784 tum
1143 725 1274 783 7770.
1304 726 1333 784 77

218 816 291 874 771.
315 814 344 874 77
365 808 496 873 7777777
518 830 549 872 7.
569 813 631 870 772
655 806 809 871 exhibent.

321 914 467 980 Alterum
489 913 711 995 fraumentnm,
742 915 826 993 qnod
853 912 890 977 in
919 912 1104 979 bibliotheca
1126 913 1160 978 Β
1167 914 1333 979 ernensi

216 1011 324 1084 eastat,
343 1002 488 1084 nmmum
511 1025 532 1068 a
557 1003 594 1067 V.
621 1001 672 1067 Ol.
697 1001 742 1065 H.
766 1001 884 1083 Haaen
906 1002 1096 1083 enserintum
1118 1010 1190 1068 777
1216 1004 1251 1067 V.
1281 1002 1365 1069 Ols

221 1093 260 1158 G.
278 1093 393 1175 Meyer
414 1092 452 1156 de
475 1092 621 1156 Knonau
643 1090 680 1154 in
704 1089 847 1155 ‘Forsan
871 1112 899 1155 7.
918 1089 963 1154 D.
984 1091 1035 1156 G!
1059 1092 1157 1156 VIII
1175 1091 1331 1174 (Gottina.

216 1203 247 1246 a.
275 1180 381 1261 1868),
414 1186 478 1245 tum
507 1201 528 1243 a
556 1179 595 1244 G.
619 1178 728 1245 Woitu
753 1178 791 1243 in
815 1179 874 1244 bs.
900 1186 920 1243 7.
947 1179 1057 1260 XIII,
1082 1202 1117 1262 p.
1143 1187 1185 1244 30
1201 1200 1246 1263 sq.
1271 1181 1332 1246 edi·

216 1276 289 1351 tum,
315 1275 426 1351 partes
455 1290 486 1333 a.
507 1274 580 1333 783.
611 1275 641 1333 77
669 1289 699 1331 7.
721 1273 795 1332 784.
819 1273 848 1332 77
875 1267 1005 1332 7777777
1035 1289 1066 1332 7.
1087 1275 1160 1333 785.
1187 1269 1331 1350 eontinet,

215 1358 263 1424 ita
292 1365 328 1424 ut
358 1358 435 1423 laea
466 1379 536 1423 eum
567 1356 801 1421 Vindobonensi
833 1357 978 1437 conferre
1007 1357 1107 1423 777777.
1162 1358 1333 1442 Scriptura

214 1449 466 1529 fraumentorum
481 1445 677 1511 Basiliensis
700 1451 729 1510 et
750 1445 935 1527 Beruensis,
960 1445 1050 1511 euius
1073 1445 1247 1529 specimina
1271 1447 1331 1512 SS.
1352 1472 1378 1510 ιο

216 1543 237 1601 7.
265 1537 377 1601 ΧΙΙΙ.
410 1536 517 1600 tabula
540 1534 653 1618 prima
681 1533 822 1614 ostendit,
852 1533 961 1599 itidem
990 1535 1109 1600 saeculi
1140 1536 1183 1617 X,
1214 1557 1333 1617 maana

215 1632 245 1690 et
266 1623 418 1707 aequalis,
443 1646 465 1688 a
488 1623 590 1689 eodiee
619 1630 724 1687 tamen
748 1622 967 1689 Wertbinensi
995 1623 1142 1705 diuersa,
1169 1624 1333 1705 utriusque

216 1714 408 1795 7777777777
437 1711 532 1776 77777
553 1711 638 1777 inter
660 1732 692 1777 se
715 1711 846 1790 differre
867 1711 976 1777 Waitn
998 1712 1231 1793 animaduertit,
1264 1735 1333 1778 eum

217 1802 350 1866 Kurue1
380 1801 510 1865 eandem
539 1799 703 1864 existimet.
760 1800 931 1881 Equidem,
963 1801 1107 1881 quamuis
1130 1802 1227 1884 prius
1257 1802 1332 1866 litte·

216 1911 328 1955 77777
350 1888 560 1954 similitudine
581 1889 683 1968 fretus
705 1887 832 1954 Kurnio
855 1910 1018 1954 assensum
1034 1890 1240 1971 praebuerim
1250 1893 1269 1972 2,
1297 1911 1333 1955 re
1352 1914 1378 1953 7

215 1979 330 2044 iterum
346 1999 514 2060 perpensa,
539 1977 655 2059 dubito,
677 2000 722 2043 an
737 1977 860 2042 litterae
874 1977 1053 2043 Beruensis
1072 1980 1170 2060 poulo
1184 1979 1331 2060 maiores,

215 2066 413 2133 Basiliensis
435 2066 539 2149 maais
559 2087 689 2149 arossae
711 2065 815 2131 oideri
838 2066 972 2148 possint.
1025 2068 1165 2149 Aoeedit,
1189 2071 1272 2149 quod
1296 2068 1333 2132 in

215 2156 396 2222 Basiliensi
418 2155 501 2221 unni
522 2154 760 2221 incarnationis
782 2155 959 2221 dominicae
982 2156 1082 2221 eolore
1101 2157 1197 2221 rubro
1212 2156 1331 2238 7777777,

215 2245 313 2310 777777
336 2265 495 2310 7777777
517 2243 630 2309 litteris
650 2244 829 2326 arundibus
851 2251 975 2326 ornata,
1007 2244 1102 2310 etiam
1119 2266 1333 2326 personarum

216 2334 348 2399 nomina
364 2333 503 2416 propria
526 2334 625 2399 eolore
647 2336 744 2398 rubro
766 2333 951 2398 illuminata
973 2333 1047 2414 sint,
1072 2355 1152 2415 quae
1172 2335 1280 2400 omnia
1295 2334 1333 2399 77
1351 2359 1379 2397 so

216 2422 386 2503 Beruensi,
404 2422 455 2487 777
470 2421 596 2488 numeri
611 2443 769 2487 annorum
783 2422 916 2488 nonnisi
931 2422 1055 2503 nostin
1069 2422 1214 2505 maraine
1229 2423 1333 2488 additi

217 2517 298 2592 sunt,
308 2510 539 2576 desiderantur.
563 2510 809 2592 Alioquinidem
822 2511 859 2575 in
870 2517 1001 2592 utroque
1012 2511 1150 2577 studium
1159 2533 1332 2577 sermonem

215 2601 440 2681 quodammodo
457 2598 602 2680 poliendi
624 2606 654 2663 et
674 2599 829 2664 variandi
852 2606 916 2664 tam
946 2600 1104 2666 euidenter
1126 2607 1267 2682 apparet,
1298 2607 1333 2665 ul

215 2690 349 2754 alterum
372 2694 401 2753 77
424 2689 558 2753 alterum
580 2687 718 2753 eiusdem
736 2687 934 2753 ¹recensionis
956 2710 1021 2753 esse
1043 2689 1197 2755 rideatur.

322 2796 488 2860 Hactenus
510 2795 547 2859 de
569 2794 811 2875 fraumentis.
850 2795 1066 2860 Transeamus
1081 2797 1126 2860 ad
1143 2803 1331 2878 77777777,
1351 2820 1379 2859 n

216 2906 255 2949 en
283 2885 396 2967 quibus
420 2884 492 2971 iam
521 2883 564 2948 R.
588 2883 699 2947 Dorr
727 2882 765 2946 77
797 2882 1018 2948 dissertatione
1051 2905 1112 2948 sua
1144 2884 1333 2966 inauaurali

217 2974 277 3039 ‘De
301 2973 388 3039 bellis
411 2973 615 3039 Francorum
638 2993 707 3036 77
729 2970 894 3037 Arubibus
914 2971 1010 3052 uestis
1031 2993 1128 3054 usque
1150 2975 1195 3037 ad
1217 2973 1333 3038 obitum

217 3063 338 3128 Karoli
361 3063 422 3126 Ml
449 3058 646 3143 (Reyimonti
669 3061 727 3125 Pr.
754 3059 855 3141 1861)
874 3059 1020 3143 priorem
1042 3063 1204 3143 quandam
1219 3062 1333 3127 Anna·

217 3152 294 3216 lium
320 3151 526 3216 Mettensium
555 3149 768 3215 recensionem
795 3147 933 3213 eutitisse
963 3148 1049 3214 inter
1078 3171 1183 3215 ornnes
1206 3151 1333 3232 primns

216 3240 344 3322 eolleyit.
1352 3263 1378 3301 eo

324 3346 410 3411 Sane
438 3344 518 3410 satis
546 3345 646 3409 multa
676 3365 715 3409 77
743 3365 835 3428 opere
869 3349 975 3408 nostro
1009 3350 1039 3408 et
1071 3365 1151 3426 quae
1185 3367 1254 3410 eum
1288 3367 1331 3426 eo,

209 3435 326 3517 panus
349 3433 474 3498 omissis
496 3432 561 3498 sine
584 3454 622 3498 en
637 3433 714 3498 aliis
730 3431 872 3512 tontibus
887 3431 1018 3497 insertis
1027 3433 1047 3514 ³,
1064 3433 1132 3513 fere
1148 3435 1192 3498 ad
1205 3436 1332 3499 uerbum

217 3523 412 3604 conueniunt,
436 3523 474 3587 ln
502 3521 735 3587 Obronioon
757 3520 1000 3585 Anionense
1025 3517 1194 3604 (Antan),
1217 3522 1334 3588 soilioet

216 3611 426 3677 recensionem
461 3609 615 3676 07777777
644 3608 889 3674 Moissiaeensis
917 3632 939 3674 7
967 3611 1119 3675 77777777
1148 3611 1334 3677 monasterii

216 3699 418 3765 Anionensis
447 3699 669 3780 interpolatam
701 3694 778 3776 (SS.
806 3699 835 3779 I,
863 3719 898 3778 7.
924 3703 1114 3764 291-295.
1141 3707 1214 3766 304.
1240 3701 1331 3783 305),
1351 3723 1378 3763 ss

216 3788 383 3854 transiere.
428 3788 624 3869 Deprmnpta
647 3793 721 3852 sunt
744 3807 781 3851 en
808 3809 839 3852 a.
857 3792 931 3850 734.
958 3793 1031 3851 741.
1058 3794 1131 3853 747.
1158 3797 1231 3854 753.
1258 3796 1331 3854 754.

217 3884 291 3942 755.
319 3883 392 3941 756.
417 3882 492 3939 773.
519 3881 591 3939 774.
617 3882 690 3939 779.
723 3880 797 3939 800.
829 3882 1026 3958 spectantque
1055 3878 1123 3958 fere
1153 3879 1262 3945 omnia
1290 3880 1335 3944 ad

215 3967 383 4031 bistoriam
400 3964 588 4046 nontidmm
610 3964 838 4029 Romanorum.

217 4203 243 4272 1)
268 4203 310 4256 ‘N.
331 4202 444 4254 Arobio’
463 4202 559 4268 XVII,
581 4219 612 4270 p.
632 4204 692 4268 118,
715 4219 742 4257 n.
761 4204 786 4257 5.
812 4202 895 4267 XXI,
916 4220 946 4270 p.
966 4207 1008 4258 30.
1096 4204 1124 4273 2)
1150 4204 1219 4257 Ibld,
1238 4204 1331 4270 XXV,

213 4293 241 4343 p.
262 4277 320 4329 179.
393 4273 420 4342 3)
446 4274 519 4326 Unde
536 4276 592 4325 777
610 4276 678 4326 satis
698 4289 789 4325 eorum
811 4276 901 4340 opinio
925 4276 1096 4341 reprobatur,
1121 4276 1169 4341 qni
1186 4274 1334 4328 curantem
1351 4292 1378 4332 7

215 4347 368 4398 Aniamnse
392 4346 566 4408 intentantes
584 4346 736 4397 Annalium
755 4345 922 4398 Mettenslnm
947 4347 1144 4397 numerandum
1168 4352 1332 4401 censuerunt.

216 4418 257 4482 of.
278 4418 320 4472 7,
339 4418 454 4468 7777
472 4417 581 4482 77777,
603 4433 632 4482 p.
651 4419 703 4472 406
716 4431 755 4483 sq.
