<?xml version="1.0" encoding="UTF-8"?>
<!DOCTYPE html PUBLIC "-//W3C//DTD XHTML 1.0 Transitional//EN"
    "http://www.w3.org/TR/xhtml1/DTD/xhtml1-transitional.dtd">
<html xmlns="http://www.w3.org/1999/xhtml" xml:lang="en" lang="en">
 <head>
  <title>
</title>
<meta http-equiv="Content-Type" content="text/html;charset=utf-8" />
  <meta name='ocr-system' content='tesseract 3.04.00' />
  <meta name='ocr-capabilities' content='ocr_page ocr_carea ocr_par ocr_line ocrx_word'/>
</head>
<body>
  <div class='ocr_page' id='page_1' title='image "annalesmettense00abbegoog_0123.png"; bbox 0 0 2962 4942; ppageno 0'>
   <div class='ocr_carea' id='block_1_1' title="bbox 245 1270 1179 1448">
    <p class='ocr_par' dir='ltr' id='par_1_1' title="bbox 245 1270 1179 1448">
     <span class='ocr_line' id='line_1_1' title="bbox 245 1270 1179 1448; baseline 0.006 -104"><span class='ocrx_word' id='word_1_1' title='bbox 245 1270 479 1346; x_wconf 82' lang='lat' dir='ltr'>ANNALES</span> <span class='ocrx_word' id='word_1_2' title='bbox 505 1271 811 1448; x_wconf 58' lang='lat' dir='ltr'>MEbiiNsabi</span> <span class='ocrx_word' id='word_1_3' title='bbox 832 1273 1179 1351; x_wconf 81' lang='lat' dir='ltr'>POSTERIORES</span> 
     </span>
    </p>
   </div>
   <div class='ocr_carea' id='block_1_2' title="bbox 108 1525 1392 2660">
    <p class='ocr_par' dir='ltr' id='par_1_2' title="bbox 108 1525 1392 2660">
     <span class='ocr_line' id='line_1_2' title="bbox 260 1525 1392 1597; baseline 0.004 -19"><span class='ocrx_word' id='word_1_4' title='bbox 260 1525 342 1579; x_wconf 87' lang='lat' dir='ltr'>Anno</span> <span class='ocrx_word' id='word_1_5' title='bbox 369 1526 522 1580; x_wconf 82' lang='lat' dir='ltr'>dominicae</span> <span class='ocrx_word' id='word_1_6' title='bbox 546 1527 740 1580; x_wconf 75' lang='lat' dir='ltr'>incarnationis</span> <span class='ocrx_word' id='word_1_7' title='bbox 759 1527 961 1584; x_wconf 84' lang='lat' dir='ltr'>DOOLXXVI.</span> <span class='ocrx_word' id='word_1_8' title='bbox 1006 1529 1127 1583; x_wconf 77' lang='lat' dir='ltr'>Karalus</span> <span class='ocrx_word' id='word_1_9' title='bbox 1151 1547 1208 1597; x_wconf 90' lang='lat' dir='ltr'>rex,</span> <span class='ocrx_word' id='word_1_10' title='bbox 1234 1533 1307 1584; x_wconf 76' lang='lat' dir='ltr'>utA.</span> <span class='ocrx_word' id='word_1_11' title='bbox 1316 1544 1346 1584; x_wconf 84' lang='lat' dir='ltr'>M.</span> <span class='ocrx_word' id='word_1_12' title='bbox 1354 1556 1392 1593; x_wconf 72' lang='lat' dir='ltr'>pr.</span> 
     </span>
     <span class='ocr_line' id='line_1_3' title="bbox 153 1615 1271 1684; baseline 0.003 -16"><span class='ocrx_word' id='word_1_13' title='bbox 153 1615 407 1684; x_wconf 80' lang='lat' dir='ltr'>prediximus¹,</span> <span class='ocrx_word' id='word_1_14' title='bbox 435 1616 470 1668; x_wconf 93' lang='lat' dir='ltr'>ad</span> <span class='ocrx_word' id='word_1_15' title='bbox 494 1615 610 1684; x_wconf 83' lang='lat' dir='ltr'>Papiam</span> <span class='ocrx_word' id='word_1_16' title='bbox 636 1617 775 1669; x_wconf 85' lang='lat' dir='ltr'>civitatem</span> <span class='ocrx_word' id='word_1_17' title='bbox 800 1618 875 1670; x_wconf 90' lang='lat' dir='ltr'>venit</span> <span class='ocrx_word' id='word_1_18' title='bbox 901 1621 933 1671; x_wconf 91' lang='lat' dir='ltr'>et</span> <span class='ocrx_word' id='word_1_19' title='bbox 960 1619 1009 1670; x_wconf 91' lang='lat' dir='ltr'>sub</span> <span class='ocrx_word' id='word_1_20' title='bbox 1037 1618 1210 1672; x_wconf 87' lang='lat' dir='ltr'>festinatione</span> <span class='ocrx_word' id='word_1_21' title='bbox 1236 1619 1271 1671; x_wconf 93' lang='lat' dir='ltr'>in</span> 
     </span>
     <span class='ocr_line' id='line_1_4' title="bbox 118 1703 1331 1776; baseline 0.003 -20"><span class='ocrx_word' id='word_1_22' title='bbox 118 1717 130 1756; x_wconf 81' lang='lat'><strong>5</strong></span> <span class='ocrx_word' id='word_1_23' title='bbox 152 1705 275 1772; x_wconf 89' lang='lat' dir='ltr'>partibus</span> <span class='ocrx_word' id='word_1_24' title='bbox 299 1703 530 1757; x_wconf 82' lang='lat' dir='ltr'>Foroiuliensium</span> <span class='ocrx_word' id='word_1_25' title='bbox 556 1706 609 1758; x_wconf 92' lang='lat' dir='ltr'>iter</span> <span class='ocrx_word' id='word_1_26' title='bbox 633 1706 787 1774; x_wconf 81' lang='lat' dir='ltr'>direxit,</span> <span class='ocrx_word' id='word_1_27' title='bbox 814 1706 1047 1775; x_wconf 75' lang='lat' dir='ltr'>improvisumque</span> <span class='ocrx_word' id='word_1_28' title='bbox 1072 1707 1270 1776; x_wconf 80' lang='lat' dir='ltr'>Rohtgaudum</span> <span class='ocrx_word' id='word_1_29' title='bbox 1279 1721 1331 1769; x_wconf 62' lang='lat' dir='ltr'>aea.</span> 
     </span>
     <span class='ocr_line' id='line_1_5' title="bbox 153 1793 1269 1862; baseline 0.003 -15"><span class='ocrx_word' id='word_1_30' title='bbox 153 1793 250 1861; x_wconf 91' lang='lat' dir='ltr'>cepit</span> <span class='ocrx_word' id='word_1_31' title='bbox 275 1797 309 1845; x_wconf 91' lang='lat' dir='ltr'>et</span> <span class='ocrx_word' id='word_1_32' title='bbox 334 1793 470 1846; x_wconf 88' lang='lat' dir='ltr'>decollare</span> <span class='ocrx_word' id='word_1_33' title='bbox 495 1795 692 1862; x_wconf 79' lang='lat' dir='ltr'>precepit²,</span> <span class='ocrx_word' id='word_1_34' title='bbox 718 1799 753 1848; x_wconf 95' lang='lat' dir='ltr'>et</span> <span class='ocrx_word' id='word_1_35' title='bbox 778 1795 812 1847; x_wconf 89' lang='lat' dir='ltr'>ad</span> <span class='ocrx_word' id='word_1_36' title='bbox 832 1795 987 1848; x_wconf 79' lang='lat' dir='ltr'>Tarvisium</span> <span class='ocrx_word' id='word_1_37' title='bbox 1011 1827 1047 1835; x_wconf 92' lang='lat'><em>-</em></span> <span class='ocrx_word' id='word_1_38' title='bbox 1065 1829 1100 1836; x_wconf 84' lang='lat'>—</span> <span class='ocrx_word' id='word_1_39' title='bbox 1120 1796 1269 1850; x_wconf 83' lang='lat' dir='ltr'>Trinitatis.</span> 
     </span>
     <span class='ocr_line' id='line_1_6' title="bbox 151 1881 1271 1948; baseline 0.003 -14"><span class='ocrx_word' id='word_1_40' title='bbox 151 1881 218 1934; x_wconf 91' lang='lat' dir='ltr'>Post</span> <span class='ocrx_word' id='word_1_41' title='bbox 236 1882 304 1935; x_wconf 91' lang='lat' dir='ltr'>haec</span> <span class='ocrx_word' id='word_1_42' title='bbox 323 1881 429 1934; x_wconf 91' lang='lat' dir='ltr'>obsides</span> <span class='ocrx_word' id='word_1_43' title='bbox 449 1885 563 1948; x_wconf 91' lang='lat' dir='ltr'>quantos</span> <span class='ocrx_word' id='word_1_44' title='bbox 582 1899 631 1935; x_wconf 88' lang='lat' dir='ltr'>rex</span> <span class='ocrx_word' id='word_1_45' title='bbox 649 1883 754 1935; x_wconf 80' lang='lat' dir='ltr'>voluit8</span> <span class='ocrx_word' id='word_1_46' title='bbox 770 1883 912 1938; x_wconf 90' lang='lat' dir='ltr'>dederunt.</span> <span class='ocrx_word' id='word_1_47' title='bbox 944 1883 1112 1937; x_wconf 88' lang='lat' dir='ltr'>Reformatis</span> <span class='ocrx_word' id='word_1_48' title='bbox 1131 1888 1223 1937; x_wconf 90' lang='lat' dir='ltr'>autem</span> <span class='ocrx_word' id='word_1_49' title='bbox 1234 1916 1271 1924; x_wconf 92' lang='lat'><em>-</em></span> 
     </span>
     <span class='ocr_line' id='line_1_7' title="bbox 153 1970 348 2039; baseline 0.005 -17"><span class='ocrx_word' id='word_1_50' title='bbox 153 2000 184 2009; x_wconf 93' lang='lat'><em>-</em></span> <span class='ocrx_word' id='word_1_51' title='bbox 203 1970 348 2039; x_wconf 84' lang='lat' dir='ltr'>Niumaga.</span> 
     </span>
     <span class='ocr_line' id='line_1_8' title="bbox 257 2058 1330 2130; baseline 0.001 -19"><span class='ocrx_word' id='word_1_52' title='bbox 257 2061 339 2111; x_wconf 92' lang='lat' dir='ltr'>Anno</span> <span class='ocrx_word' id='word_1_53' title='bbox 371 2058 507 2111; x_wconf 90' lang='lat' dir='ltr'>dominice</span> <span class='ocrx_word' id='word_1_54' title='bbox 543 2060 737 2112; x_wconf 81' lang='lat' dir='ltr'>incarnationis</span> <span class='ocrx_word' id='word_1_55' title='bbox 767 2059 989 2114; x_wconf 86' lang='lat' dir='ltr'>DOOLXXVII.</span> <span class='ocrx_word' id='word_1_56' title='bbox 1044 2060 1190 2130; x_wconf 87' lang='lat' dir='ltr'>K[arol]us</span> <span class='ocrx_word' id='word_1_57' title='bbox 1220 2077 1269 2112; x_wconf 87' lang='lat' dir='ltr'>rex</span> <span class='ocrx_word' id='word_1_58' title='bbox 1278 2075 1330 2124; x_wconf 66' lang='lat'><em>1³29.</em></span> 
     </span>
     <span class='ocr_line' id='line_1_9' title="bbox 109 2146 1391 2216; baseline 0.003 -18"><span class='ocrx_word' id='word_1_59' title='bbox 109 2161 134 2198; x_wconf 79' lang='lat' dir='ltr'>ro</span> <span class='ocrx_word' id='word_1_60' title='bbox 151 2147 297 2202; x_wconf 67' lang='lat' dir='ltr'>sasoniam</span> <span class='ocrx_word' id='word_1_61' title='bbox 315 2179 351 2187; x_wconf 98' lang='lat'>—</span> <span class='ocrx_word' id='word_1_62' title='bbox 371 2178 402 2186; x_wconf 95' lang='lat'><em>-</em></span> <span class='ocrx_word' id='word_1_63' title='bbox 423 2146 566 2201; x_wconf 88' lang='lat' dir='ltr'>Sarraceni</span> <span class='ocrx_word' id='word_1_64' title='bbox 585 2147 619 2201; x_wconf 91' lang='lat' dir='ltr'>de</span> <span class='ocrx_word' id='word_1_65' title='bbox 638 2148 760 2215; x_wconf 89' lang='lat' dir='ltr'>partibus</span> <span class='ocrx_word' id='word_1_66' title='bbox 779 2147 929 2216; x_wconf 88' lang='lat' dir='ltr'>Hispaniae</span> <span class='ocrx_word' id='word_1_67' title='bbox 949 2152 1030 2202; x_wconf 89' lang='lat' dir='ltr'>etse</span> <span class='ocrx_word' id='word_1_68' title='bbox 1055 2167 1118 2202; x_wconf 91' lang='lat' dir='ltr'>cum</span> <span class='ocrx_word' id='word_1_69' title='bbox 1143 2149 1391 2212; x_wconf 70' lang='lat' dir='ltr'>omnibusa.n1.pr.</span> 
     </span>
     <span class='ocr_line' id='line_1_10' title="bbox 151 2235 1332 2306; baseline 0.002 -18"><span class='ocrx_word' id='word_1_70' title='bbox 151 2237 223 2289; x_wconf 91' lang='lat' dir='ltr'>suis</span> <span class='ocrx_word' id='word_1_71' title='bbox 249 2237 347 2289; x_wconf 87' lang='lat' dir='ltr'>ditioni</span> <span class='ocrx_word' id='word_1_72' title='bbox 365 2237 436 2306; x_wconf 85' lang='lat' dir='ltr'>regis</span> <span class='ocrx_word' id='word_1_73' title='bbox 454 2235 553 2289; x_wconf 86' lang='lat' dir='ltr'>Karoli</span> <span class='ocrx_word' id='word_1_74' title='bbox 571 2236 784 2291; x_wconf 77' lang='lat' dir='ltr'>subdiderunta.</span> <span class='ocrx_word' id='word_1_75' title='bbox 821 2237 877 2290; x_wconf 88' lang='lat' dir='ltr'>Ubi</span> <span class='ocrx_word' id='word_1_76' title='bbox 896 2237 979 2290; x_wconf 91' lang='lat' dir='ltr'>etiam</span> <span class='ocrx_word' id='word_1_77' title='bbox 1004 2237 1153 2290; x_wconf 91' lang='lat' dir='ltr'>multitudo</span> <span class='ocrx_word' id='word_1_78' title='bbox 1180 2269 1214 2277; x_wconf 96' lang='lat'>—</span> <span class='ocrx_word' id='word_1_79' title='bbox 1235 2252 1332 2300; x_wconf 65' lang='grc' dir='ltr'><em>-Βερ,</em></span> 
     </span>
     <span class='ocr_line' id='line_1_11' title="bbox 151 2324 314 2394; baseline 0.018 -16"><span class='ocrx_word' id='word_1_80' title='bbox 151 2324 314 2394; x_wconf 83' lang='lat' dir='ltr'>Oasinogilo.</span> 
     </span>
     <span class='ocr_line' id='line_1_12' title="bbox 255 2413 1385 2478; baseline 0.006 -12"><span class='ocrx_word' id='word_1_81' title='bbox 255 2415 338 2466; x_wconf 93' lang='lat' dir='ltr'>Anno</span> <span class='ocrx_word' id='word_1_82' title='bbox 372 2413 508 2467; x_wconf 88' lang='lat' dir='ltr'>dominice</span> <span class='ocrx_word' id='word_1_83' title='bbox 545 2414 739 2466; x_wconf 88' lang='lat' dir='ltr'>incarnationis</span> <span class='ocrx_word' id='word_1_84' title='bbox 769 2413 1006 2470; x_wconf 82' lang='lat' dir='ltr'>DGOLXXVIII.</span> <span class='ocrx_word' id='word_1_85' title='bbox 1062 2415 1123 2469; x_wconf 85' lang='lat' dir='ltr'>Rex</span> <span class='ocrx_word' id='word_1_86' title='bbox 1155 2415 1385 2478; x_wconf 68' lang='lat' dir='ltr'>Carolusanpr.</span> 
     </span>
     <span class='ocr_line' id='line_1_13' title="bbox 149 2502 1268 2572; baseline 0.002 -17"><span class='ocrx_word' id='word_1_87' title='bbox 149 2508 239 2556; x_wconf 86' lang='lat' dir='ltr'>motus</span> <span class='ocrx_word' id='word_1_88' title='bbox 257 2503 382 2570; x_wconf 90' lang='lat' dir='ltr'>precibus</span> <span class='ocrx_word' id='word_1_89' title='bbox 401 2506 435 2556; x_wconf 88' lang='lat' dir='ltr'>et</span> <span class='ocrx_word' id='word_1_90' title='bbox 454 2503 571 2572; x_wconf 85' lang='lat' dir='ltr'>querelis</span> <span class='ocrx_word' id='word_1_91' title='bbox 590 2502 815 2570; x_wconf 81' lang='lat' dir='ltr'>Christianorum,</span> <span class='ocrx_word' id='word_1_92' title='bbox 841 2504 888 2571; x_wconf 91' lang='lat' dir='ltr'>qui</span> <span class='ocrx_word' id='word_1_93' title='bbox 907 2507 985 2557; x_wconf 89' lang='lat' dir='ltr'>erant</span> <span class='ocrx_word' id='word_1_94' title='bbox 1009 2504 1038 2557; x_wconf 90' lang='lat' dir='ltr'>in</span> <span class='ocrx_word' id='word_1_95' title='bbox 1058 2504 1193 2572; x_wconf 90' lang='lat' dir='ltr'>Hispania</span> <span class='ocrx_word' id='word_1_96' title='bbox 1217 2505 1268 2558; x_wconf 91' lang='lat' dir='ltr'>sub</span> 
     </span>
     <span class='ocr_line' id='line_1_14' title="bbox 108 2590 1269 2660; baseline 0.003 -19"><span class='ocrx_word' id='word_1_97' title='bbox 108 2603 132 2642; x_wconf 82' lang='lat'>15</span> <span class='ocrx_word' id='word_1_98' title='bbox 149 2590 212 2660; x_wconf 82' lang='lat' dir='ltr'>iugo</span> <span class='ocrx_word' id='word_1_99' title='bbox 243 2591 471 2660; x_wconf 88' lang='lat' dir='ltr'>Sarracenorum,</span> <span class='ocrx_word' id='word_1_100' title='bbox 509 2609 571 2644; x_wconf 92' lang='lat' dir='ltr'>cum</span> <span class='ocrx_word' id='word_1_101' title='bbox 609 2592 731 2645; x_wconf 88' lang='lat' dir='ltr'>exercitu</span> <span class='ocrx_word' id='word_1_102' title='bbox 764 2591 929 2660; x_wconf 85' lang='lat' dir='ltr'>Hispaniam</span> <span class='ocrx_word' id='word_1_103' title='bbox 965 2592 1132 2647; x_wconf 84' lang='lat' dir='ltr'>intravit.</span> <span class='ocrx_word' id='word_1_104' title='bbox 1183 2591 1269 2645; x_wconf 84' lang='lat' dir='ltr'>Venit</span> 
     </span>
    </p>
   </div>
   <div class='ocr_carea' id='block_1_3' title="bbox 1280 1863 1438 1965">
    <p class='ocr_par' dir='ltr' id='par_1_3' title="bbox 1280 1863 1438 1965">
     <span class='ocr_line' id='line_1_15' title="bbox 1281 1863 1438 1911; baseline -0.025 -1"><span class='ocrx_word' id='word_1_105' title='bbox 1281 1865 1310 1910; x_wconf 72' lang='lat'>01·</span> <span class='ocrx_word' id='word_1_106' title='bbox 1322 1863 1349 1902; x_wconf 74' lang='lat' dir='ltr'>A.</span> <span class='ocrx_word' id='word_1_107' title='bbox 1360 1863 1390 1906; x_wconf 78' lang='grc' dir='ltr'>Μ.</span> <span class='ocrx_word' id='word_1_108' title='bbox 1399 1874 1438 1911; x_wconf 74' lang='lat' dir='ltr'>rr.</span> 
     </span>
     <span class='ocr_line' id='line_1_16' title="bbox 1280 1917 1332 1965; baseline 0 -10"><span class='ocrx_word' id='word_1_109' title='bbox 1280 1917 1332 1965; x_wconf 60' lang='lat' dir='ltr'>Rea.</span> 
     </span>
    </p>
   </div>
   <div class='ocr_carea' id='block_1_4' title="bbox 149 2662 1385 2763">
    <p class='ocr_par' dir='ltr' id='par_1_4' title="bbox 149 2662 1385 2763">
     <span class='ocr_line' id='line_1_17' title="bbox 149 2662 1385 2763; baseline 0 -31"><span class='ocrx_word' id='word_1_110' title='bbox 149 2684 266 2734; x_wconf 86' lang='lat' dir='ltr'>autem</span> <span class='ocrx_word' id='word_1_111' title='bbox 285 2712 319 2720; x_wconf 85' lang='lat'>—</span> <span class='ocrx_word' id='word_1_112' title='bbox 337 2681 561 2734; x_wconf 82' lang='lat' dir='ltr'>—Francorum</span> <span class='ocrx_word' id='word_1_113' title='bbox 580 2684 776 2734; x_wconf 86' lang='lat' dir='ltr'>convenerunt.</span> <span class='ocrx_word' id='word_1_114' title='bbox 812 2680 864 2733; x_wconf 90' lang='lat' dir='ltr'>His</span> <span class='ocrx_word' id='word_1_115' title='bbox 882 2681 1127 2736; x_wconf 86' lang='lat' dir='ltr'>innumerabilibus</span> <span class='ocrx_word' id='word_1_116' title='bbox 1152 2662 1385 2763; x_wconf 37' lang='lat' dir='ltr'>legioni-RQ</span> 
     </span>
    </p>
   </div>
   <div class='ocr_carea' id='block_1_5' title="bbox 105 2768 1434 3815">
    <p class='ocr_par' dir='ltr' id='par_1_5' title="bbox 105 2768 1434 3815">
     <span class='ocr_line' id='line_1_18' title="bbox 148 2768 1328 2838; baseline 0.003 -17"><span class='ocrx_word' id='word_1_117' title='bbox 148 2768 197 2821; x_wconf 88' lang='lat' dir='ltr'>bus</span> <span class='ocrx_word' id='word_1_118' title='bbox 222 2769 355 2838; x_wconf 88' lang='lat' dir='ltr'>Hispania</span> <span class='ocrx_word' id='word_1_119' title='bbox 381 2774 441 2822; x_wconf 86' lang='lat' dir='ltr'>tota</span> <span class='ocrx_word' id='word_1_120' title='bbox 466 2770 639 2825; x_wconf 86' lang='lat' dir='ltr'>contremuit.</span> <span class='ocrx_word' id='word_1_121' title='bbox 682 2768 832 2823; x_wconf 85' lang='lat' dir='ltr'>Obsidione</span> <span class='ocrx_word' id='word_1_122' title='bbox 857 2769 949 2838; x_wconf 90' lang='lat' dir='ltr'>itaque</span> <span class='ocrx_word' id='word_1_123' title='bbox 977 2771 1067 2823; x_wconf 89' lang='lat' dir='ltr'>cincta</span> <span class='ocrx_word' id='word_1_124' title='bbox 1092 2770 1328 2833; x_wconf 68' lang='lat' dir='ltr'>Cesarau-aey.</span> 
     </span>
     <span class='ocr_line' id='line_1_19' title="bbox 147 2857 1265 2928; baseline -0.001 -18"><span class='ocrx_word' id='word_1_125' title='bbox 147 2862 302 2926; x_wconf 82' lang='lat' dir='ltr'>gustans</span> <span class='ocrx_word' id='word_1_126' title='bbox 328 2858 446 2928; x_wconf 86' lang='lat' dir='ltr'>civitate,</span> <span class='ocrx_word' id='word_1_127' title='bbox 465 2859 553 2911; x_wconf 87' lang='lat' dir='ltr'>territi</span> <span class='ocrx_word' id='word_1_128' title='bbox 574 2858 717 2912; x_wconf 74' lang='lat' dir='ltr'>sarraceni</span> <span class='ocrx_word' id='word_1_129' title='bbox 736 2858 843 2911; x_wconf 88' lang='lat' dir='ltr'>obsides</span> <span class='ocrx_word' id='word_1_130' title='bbox 864 2858 998 2911; x_wconf 86' lang='lat' dir='ltr'>dederunt</span> <span class='ocrx_word' id='word_1_131' title='bbox 1024 2876 1100 2911; x_wconf 88' lang='lat' dir='ltr'>cum</span> <span class='ocrx_word' id='word_1_132' title='bbox 1125 2857 1265 2910; x_wconf 91' lang='lat' dir='ltr'>immenso</span> 
     </span>
     <span class='ocr_line' id='line_1_20' title="bbox 147 2945 1267 3014; baseline 0.002 -16"><span class='ocrx_word' id='word_1_133' title='bbox 147 2946 287 3013; x_wconf 91' lang='lat' dir='ltr'>pondere</span> <span class='ocrx_word' id='word_1_134' title='bbox 306 2948 373 3002; x_wconf 88' lang='lat' dir='ltr'>auri.</span> <span class='ocrx_word' id='word_1_135' title='bbox 410 2946 496 2999; x_wconf 89' lang='lat' dir='ltr'>Post</span> <span class='ocrx_word' id='word_1_136' title='bbox 517 2947 605 2999; x_wconf 89' lang='lat' dir='ltr'>haec</span> <span class='ocrx_word' id='word_1_137' title='bbox 624 2947 716 3000; x_wconf 89' lang='lat' dir='ltr'>eiectis</span> <span class='ocrx_word' id='word_1_138' title='bbox 735 2946 892 3000; x_wconf 82' lang='lat' dir='ltr'>Sarracenis</span> <span class='ocrx_word' id='word_1_139' title='bbox 912 2948 1020 2999; x_wconf 86' lang='lat' dir='ltr'>etiam</span> <span class='ocrx_word' id='word_1_140' title='bbox 1040 2947 1075 3000; x_wconf 90' lang='lat' dir='ltr'>de</span> <span class='ocrx_word' id='word_1_141' title='bbox 1092 2945 1267 3014; x_wconf 87' lang='lat' dir='ltr'>Pampillona</span> 
     </span>
     <span class='ocr_line' id='line_1_21' title="bbox 106 3033 1434 3105; baseline 0.003 -17"><span class='ocrx_word' id='word_1_142' title='bbox 106 3049 131 3088; x_wconf 79' lang='lat'>20</span> <span class='ocrx_word' id='word_1_143' title='bbox 147 3035 285 3104; x_wconf 89' lang='lat' dir='ltr'>murisque</span> <span class='ocrx_word' id='word_1_144' title='bbox 304 3036 423 3089; x_wconf 91' lang='lat' dir='ltr'>eiusdem</span> <span class='ocrx_word' id='word_1_145' title='bbox 444 3036 562 3089; x_wconf 87' lang='lat' dir='ltr'>civitatis</span> <span class='ocrx_word' id='word_1_146' title='bbox 581 3036 686 3103; x_wconf 89' lang='lat' dir='ltr'>dirutis,</span> <span class='ocrx_word' id='word_1_147' title='bbox 710 3036 839 3105; x_wconf 88' lang='lat' dir='ltr'>Hispanis</span> <span class='ocrx_word' id='word_1_148' title='bbox 859 3035 1040 3088; x_wconf 89' lang='lat' dir='ltr'>Wasconibus</span> <span class='ocrx_word' id='word_1_149' title='bbox 1065 3040 1093 3088; x_wconf 89' lang='lat' dir='ltr'>et</span> <span class='ocrx_word' id='word_1_150' title='bbox 1111 3033 1261 3088; x_wconf 77' lang='lat' dir='ltr'>Navarrisb</span> <span class='ocrx_word' id='word_1_151' title='bbox 1275 3052 1303 3098; x_wconf 76' lang='lat' dir='ltr'>cs.</span> <span class='ocrx_word' id='word_1_152' title='bbox 1316 3053 1343 3091; x_wconf 76' lang='lat' dir='ltr'>A.</span> <span class='ocrx_word' id='word_1_153' title='bbox 1357 3053 1385 3092; x_wconf 79' lang='grc' dir='ltr'>Μ.</span> <span class='ocrx_word' id='word_1_154' title='bbox 1395 3065 1434 3103; x_wconf 71' lang='lat' dir='ltr'>pr.</span> 
     </span>
     <span class='ocr_line' id='line_1_22' title="bbox 148 3123 1328 3194; baseline 0.003 -18"><span class='ocrx_word' id='word_1_155' title='bbox 148 3123 297 3194; x_wconf 86' lang='lat' dir='ltr'>subiugatis</span> <span class='ocrx_word' id='word_1_156' title='bbox 305 3125 324 3192; x_wconf 80' lang='lat'>⁴,</span> <span class='ocrx_word' id='word_1_157' title='bbox 343 3125 372 3177; x_wconf 93' lang='lat' dir='ltr'>in</span> <span class='ocrx_word' id='word_1_158' title='bbox 390 3124 536 3178; x_wconf 86' lang='lat' dir='ltr'>Franciam</span> <span class='ocrx_word' id='word_1_159' title='bbox 554 3124 709 3179; x_wconf 86' lang='lat' dir='ltr'>revertitur.</span> <span class='ocrx_word' id='word_1_160' title='bbox 753 3123 865 3177; x_wconf 85' lang='lat' dir='ltr'>Interea</span> <span class='ocrx_word' id='word_1_161' title='bbox 883 3123 1005 3177; x_wconf 82' lang='lat' dir='ltr'>Saxones</span> <span class='ocrx_word' id='word_1_162' title='bbox 1026 3154 1057 3162; x_wconf 95' lang='lat'><em>-</em></span> <span class='ocrx_word' id='word_1_163' title='bbox 1078 3155 1111 3163; x_wconf 96' lang='lat'>-</span> <span class='ocrx_word' id='word_1_164' title='bbox 1131 3124 1265 3180; x_wconf 88' lang='lat' dir='ltr'>similiter.</span> <span class='ocrx_word' id='word_1_165' title='bbox 1276 3141 1328 3189; x_wconf 68' lang='lat' dir='ltr'>aeq.</span> 
     </span>
     <span class='ocr_line' id='line_1_23' title="bbox 253 3211 1266 3267; baseline -0.001 -1"><span class='ocrx_word' id='word_1_166' title='bbox 253 3216 336 3266; x_wconf 90' lang='lat' dir='ltr'>Anno</span> <span class='ocrx_word' id='word_1_167' title='bbox 367 3213 520 3267; x_wconf 90' lang='lat' dir='ltr'>dominicae</span> <span class='ocrx_word' id='word_1_168' title='bbox 550 3213 744 3267; x_wconf 88' lang='lat' dir='ltr'>incarnationis</span> <span class='ocrx_word' id='word_1_169' title='bbox 771 3211 1023 3267; x_wconf 84' lang='lat' dir='ltr'>DOOLXXVHII.</span> <span class='ocrx_word' id='word_1_170' title='bbox 1073 3213 1186 3266; x_wconf 80' lang='lat' dir='ltr'>Carolus</span> <span class='ocrx_word' id='word_1_171' title='bbox 1216 3229 1266 3266; x_wconf 84' lang='lat' dir='ltr'>rex</span> 
     </span>
     <span class='ocr_line' id='line_1_24' title="bbox 147 3301 754 3370; baseline 0.003 -16"><span class='ocrx_word' id='word_1_172' title='bbox 147 3303 221 3355; x_wconf 90' lang='lat' dir='ltr'>venit</span> <span class='ocrx_word' id='word_1_173' title='bbox 239 3303 268 3354; x_wconf 94' lang='lat' dir='ltr'>in</span> <span class='ocrx_word' id='word_1_174' title='bbox 285 3303 352 3355; x_wconf 87' lang='lat' dir='ltr'>villa</span> <span class='ocrx_word' id='word_1_175' title='bbox 369 3335 405 3342; x_wconf 97' lang='lat'>—</span> <span class='ocrx_word' id='word_1_176' title='bbox 425 3333 456 3342; x_wconf 93' lang='lat'>-</span> <span class='ocrx_word' id='word_1_177' title='bbox 477 3306 505 3355; x_wconf 92' lang='lat' dir='ltr'>et</span> <span class='ocrx_word' id='word_1_178' title='bbox 523 3319 603 3370; x_wconf 90' lang='lat' dir='ltr'>pasca</span> <span class='ocrx_word' id='word_1_179' title='bbox 621 3301 754 3357; x_wconf 88' lang='lat' dir='ltr'>similiter.</span> 
     </span>
     <span class='ocr_line' id='line_1_25' title="bbox 253 3389 1264 3446; baseline 0 -2"><span class='ocrx_word' id='word_1_180' title='bbox 253 3391 336 3444; x_wconf 83' lang='lat' dir='ltr'>Anno</span> <span class='ocrx_word' id='word_1_181' title='bbox 356 3392 508 3444; x_wconf 88' lang='lat' dir='ltr'>dominicae</span> <span class='ocrx_word' id='word_1_182' title='bbox 527 3390 721 3444; x_wconf 89' lang='lat' dir='ltr'>incarnationis</span> <span class='ocrx_word' id='word_1_183' title='bbox 740 3389 948 3446; x_wconf 70' lang='lat' dir='ltr'>became</span> <span class='ocrx_word' id='word_1_184' title='bbox 984 3390 1097 3444; x_wconf 80' lang='lat' dir='ltr'>Carolus</span> <span class='ocrx_word' id='word_1_185' title='bbox 1115 3408 1166 3444; x_wconf 85' lang='lat' dir='ltr'>rex</span> <span class='ocrx_word' id='word_1_186' title='bbox 1178 3392 1264 3446; x_wconf 85' lang='lat' dir='ltr'>Saxo-</span> 
     </span>
     <span class='ocr_line' id='line_1_26' title="bbox 105 3479 614 3548; baseline 0.014 -19"><span class='ocrx_word' id='word_1_187' title='bbox 105 3491 130 3530; x_wconf 80' lang='lat' dir='ltr'>as</span> <span class='ocrx_word' id='word_1_188' title='bbox 147 3479 219 3533; x_wconf 89' lang='lat' dir='ltr'>niam</span> <span class='ocrx_word' id='word_1_189' title='bbox 239 3512 272 3519; x_wconf 96' lang='lat'>—</span> <span class='ocrx_word' id='word_1_190' title='bbox 292 3510 325 3519; x_wconf 95' lang='lat'>-</span> <span class='ocrx_word' id='word_1_191' title='bbox 344 3481 374 3533; x_wconf 88' lang='lat' dir='ltr'>in</span> <span class='ocrx_word' id='word_1_192' title='bbox 392 3479 478 3548; x_wconf 90' lang='lat' dir='ltr'>Papia</span> <span class='ocrx_word' id='word_1_193' title='bbox 497 3480 614 3536; x_wconf 86' lang='lat' dir='ltr'>civitate.</span> 
     </span>
     <span class='ocr_line' id='line_1_27' title="bbox 252 3566 1386 3632; baseline 0.001 -10"><span class='ocrx_word' id='word_1_194' title='bbox 252 3570 335 3622; x_wconf 91' lang='lat' dir='ltr'>Anno</span> <span class='ocrx_word' id='word_1_195' title='bbox 363 3569 500 3622; x_wconf 91' lang='lat' dir='ltr'>dominice</span> <span class='ocrx_word' id='word_1_196' title='bbox 530 3568 725 3622; x_wconf 86' lang='lat' dir='ltr'>incarnationis</span> <span class='ocrx_word' id='word_1_197' title='bbox 750 3566 976 3624; x_wconf 62' lang='lat' dir='ltr'>adeamne</span> <span class='ocrx_word' id='word_1_198' title='bbox 1025 3569 1138 3622; x_wconf 82' lang='lat' dir='ltr'>(larolus</span> <span class='ocrx_word' id='word_1_199' title='bbox 1168 3587 1219 3624; x_wconf 83' lang='lat' dir='ltr'>rex</span> <span class='ocrx_word' id='word_1_200' title='bbox 1248 3584 1386 3632; x_wconf 68' lang='lat' dir='ltr'>aarapr.</span> 
     </span>
     <span class='ocr_line' id='line_1_28' title="bbox 145 3656 1326 3728; baseline 0.003 -18"><span class='ocrx_word' id='word_1_201' title='bbox 145 3657 230 3727; x_wconf 88' lang='lat' dir='ltr'>Papia</span> <span class='ocrx_word' id='word_1_202' title='bbox 260 3675 427 3728; x_wconf 81' lang='lat' dir='ltr'>egressus</span> <span class='ocrx_word' id='word_1_203' title='bbox 458 3657 607 3711; x_wconf 90' lang='lat' dir='ltr'>celebravit</span> <span class='ocrx_word' id='word_1_204' title='bbox 637 3674 718 3726; x_wconf 88' lang='lat' dir='ltr'>pasca</span> <span class='ocrx_word' id='word_1_205' title='bbox 745 3656 890 3710; x_wconf 91' lang='lat' dir='ltr'>Domini</span> <span class='ocrx_word' id='word_1_206' title='bbox 916 3657 1005 3711; x_wconf 88' lang='lat' dir='ltr'>Roma</span> <span class='ocrx_word' id='word_1_207' title='bbox 1036 3661 1064 3712; x_wconf 91' lang='lat' dir='ltr'>et</span> <span class='ocrx_word' id='word_1_208' title='bbox 1094 3657 1133 3710; x_wconf 92' lang='lat' dir='ltr'>ibi</span> <span class='ocrx_word' id='word_1_209' title='bbox 1164 3689 1199 3698; x_wconf 91' lang='lat'>-</span> <span class='ocrx_word' id='word_1_210' title='bbox 1230 3673 1326 3721; x_wconf 67' lang='lat' dir='ltr'>—aea</span> 
     </span>
     <span class='ocr_line' id='line_1_29' title="bbox 145 3747 401 3815; baseline 0.008 -15"><span class='ocrx_word' id='word_1_211' title='bbox 145 3763 226 3815; x_wconf 89' lang='lat' dir='ltr'>pasca</span> <span class='ocrx_word' id='word_1_212' title='bbox 244 3747 401 3802; x_wconf 71' lang='lat' dir='ltr'>similiare.</span> 
     </span>
    </p>
   </div>
   <div class='ocr_carea' id='block_1_6' title="bbox 103 3922 1264 4079">
    <p class='ocr_par' dir='ltr' id='par_1_6' title="bbox 103 3922 1264 4079">
     <span class='ocr_line' id='line_1_30' title="bbox 147 3922 1264 3975; baseline 0.002 -11"><span class='ocrx_word' id='word_1_213' title='bbox 147 3923 168 3975; x_wconf 85' lang='lat' dir='ltr'>a)</span> <span class='ocrx_word' id='word_1_214' title='bbox 188 3926 264 3974; x_wconf 84' lang='lat' dir='ltr'>ibique</span> <span class='ocrx_word' id='word_1_215' title='bbox 285 3937 309 3964; x_wconf 90' lang='lat' dir='ltr'>se</span> <span class='ocrx_word' id='word_1_216' title='bbox 327 3936 378 3965; x_wconf 87' lang='lat' dir='ltr'>eum</span> <span class='ocrx_word' id='word_1_217' title='bbox 396 3925 532 3974; x_wconf 86' lang='lat' dir='ltr'>ommnibus,</span> <span class='ocrx_word' id='word_1_218' title='bbox 552 3936 609 3973; x_wconf 87' lang='lat' dir='ltr'>quos</span> <span class='ocrx_word' id='word_1_219' title='bbox 626 3925 747 3974; x_wconf 78' lang='lat' dir='ltr'>regebant,</span> <span class='ocrx_word' id='word_1_220' title='bbox 769 3922 850 3963; x_wconf 84' lang='lat' dir='ltr'>ditioni</span> <span class='ocrx_word' id='word_1_221' title='bbox 870 3925 929 3971; x_wconf 77' lang='lat' dir='ltr'>regis</span> <span class='ocrx_word' id='word_1_222' title='bbox 944 3925 1022 3963; x_wconf 83' lang='lat' dir='ltr'>Karoli</span> <span class='ocrx_word' id='word_1_223' title='bbox 1043 3925 1193 3967; x_wconf 83' lang='lat' dir='ltr'>subdiderunt</span> <span class='ocrx_word' id='word_1_224' title='bbox 1212 3926 1264 3966; x_wconf 80' lang='lat' dir='ltr'>Ba.</span> 
     </span>
     <span class='ocr_line' id='line_1_31' title="bbox 103 3977 1263 4029; baseline 0.003 -13"><span class='ocrx_word' id='word_1_225' title='bbox 103 3977 129 4016; x_wconf 79' lang='lat' dir='ltr'>tt)</span> <span class='ocrx_word' id='word_1_226' title='bbox 145 3980 168 4027; x_wconf 91' lang='lat' dir='ltr'>b)</span> <span class='ocrx_word' id='word_1_227' title='bbox 182 3979 290 4019; x_wconf 86' lang='lat' dir='ltr'>Nabarris</span> <span class='ocrx_word' id='word_1_228' title='bbox 303 3979 349 4018; x_wconf 80' lang='lat' dir='ltr'>Ba.</span> <span class='ocrx_word' id='word_1_229' title='bbox 400 3978 421 4029; x_wconf 92' lang='lat' dir='ltr'>c)</span> <span class='ocrx_word' id='word_1_230' title='bbox 435 3978 616 4018; x_wconf 81' lang='lat' dir='ltr'>DCGLXXVIII.</span> <span class='ocrx_word' id='word_1_231' title='bbox 630 3988 687 4017; x_wconf 86' lang='lat' dir='ltr'>corr.</span> <span class='ocrx_word' id='word_1_232' title='bbox 702 3977 846 4017; x_wconf 79' lang='lat' dir='ltr'>DCCLXXX.</span> <span class='ocrx_word' id='word_1_233' title='bbox 861 3977 908 4016; x_wconf 89' lang='lat' dir='ltr'>Bl.</span> <span class='ocrx_word' id='word_1_234' title='bbox 959 3977 981 4028; x_wconf 90' lang='lat' dir='ltr'>d)</span> <span class='ocrx_word' id='word_1_235' title='bbox 995 3977 1190 4020; x_wconf 82' lang='lat' dir='ltr'>Dconxxvnn.</span> <span class='ocrx_word' id='word_1_236' title='bbox 1205 3990 1263 4019; x_wconf 80' lang='lat' dir='ltr'>corr.</span> 
     </span>
     <span class='ocr_line' id='line_1_32' title="bbox 145 4032 574 4079; baseline 0 -7"><span class='ocrx_word' id='word_1_237' title='bbox 145 4032 301 4072; x_wconf 81' lang='lat' dir='ltr'>DCCLXXXI.</span> <span class='ocrx_word' id='word_1_238' title='bbox 316 4033 336 4071; x_wconf 90' lang='grc' dir='ltr'><strong><em>Β</em></strong></span> <span class='ocrx_word' id='word_1_239' title='bbox 345 4032 365 4071; x_wconf 93' lang='lat'>1.</span> <span class='ocrx_word' id='word_1_240' title='bbox 421 4034 441 4079; x_wconf 86' lang='lat' dir='ltr'>a)</span> <span class='ocrx_word' id='word_1_241' title='bbox 455 4033 522 4071; x_wconf 89' lang='lat' dir='ltr'>simul</span> <span class='ocrx_word' id='word_1_242' title='bbox 536 4032 574 4072; x_wconf 79' lang='lat' dir='ltr'>Ch.</span> 
     </span>
    </p>
   </div>
   <div class='ocr_carea' id='block_1_7' title="bbox 144 4189 1261 4400">
    <p class='ocr_par' dir='ltr' id='par_1_7' title="bbox 144 4189 1261 4400">
     <span class='ocr_line' id='line_1_33' title="bbox 146 4189 1261 4258; baseline -0.002 -11"><span class='ocrx_word' id='word_1_243' title='bbox 146 4191 174 4256; x_wconf 78' lang='lat' dir='ltr'>ll</span> <span class='ocrx_word' id='word_1_244' title='bbox 191 4193 312 4258; x_wconf 81' lang='lat' dir='ltr'>Minime,</span> <span class='ocrx_word' id='word_1_245' title='bbox 331 4207 388 4242; x_wconf 73' lang='lat' dir='ltr'>casm</span> <span class='ocrx_word' id='word_1_246' title='bbox 406 4207 496 4258; x_wconf 72' lang='lat' dir='ltr'>cupro</span> <span class='ocrx_word' id='word_1_247' title='bbox 510 4209 540 4258; x_wconf 81' lang='lat' dir='ltr'>p.</span> <span class='ocrx_word' id='word_1_248' title='bbox 554 4193 597 4257; x_wconf 79' lang='lat'>63,</span> <span class='ocrx_word' id='word_1_249' title='bbox 610 4193 629 4245; x_wconf 85' lang='lat' dir='ltr'>l.</span> <span class='ocrx_word' id='word_1_250' title='bbox 641 4193 684 4246; x_wconf 79' lang='lat'>32.</span> <span class='ocrx_word' id='word_1_251' title='bbox 699 4193 743 4256; x_wconf 79' lang='lat'>33,</span> <span class='ocrx_word' id='word_1_252' title='bbox 761 4189 941 4241; x_wconf 79' lang='lat' dir='ltr'>tantummodo</span> <span class='ocrx_word' id='word_1_253' title='bbox 958 4192 1087 4256; x_wconf 66' lang='lat' dir='ltr'>saraptam</span> <span class='ocrx_word' id='word_1_254' title='bbox 1104 4193 1154 4243; x_wconf 82' lang='lat' dir='ltr'>sit:</span> <span class='ocrx_word' id='word_1_255' title='bbox 1168 4209 1261 4245; x_wconf 84' lang='lat' dir='ltr'>versus</span> 
     </span>
     <span class='ocr_line' id='line_1_34' title="bbox 144 4258 1261 4330; baseline 0.001 -14"><span class='ocrx_word' id='word_1_256' title='bbox 144 4261 256 4316; x_wconf 86' lang='lat' dir='ltr'>Italiam</span> <span class='ocrx_word' id='word_1_257' title='bbox 281 4262 334 4315; x_wconf 88' lang='lat' dir='ltr'>iter</span> <span class='ocrx_word' id='word_1_258' title='bbox 359 4262 481 4330; x_wconf 88' lang='lat' dir='ltr'>arripuit.</span> <span class='ocrx_word' id='word_1_259' title='bbox 589 4265 617 4330; x_wconf 82' lang='lat'>2)</span> <span class='ocrx_word' id='word_1_260' title='bbox 648 4263 766 4327; x_wconf 70' lang='lat' dir='ltr'>Rapina:</span> <span class='ocrx_word' id='word_1_261' title='bbox 790 4258 968 4328; x_wconf 84' lang='lat' dir='ltr'>Rotgaudum</span> <span class='ocrx_word' id='word_1_262' title='bbox 992 4260 1124 4314; x_wconf 90' lang='lat' dir='ltr'>rebellem</span> <span class='ocrx_word' id='word_1_263' title='bbox 1150 4266 1261 4330; x_wconf 88' lang='lat' dir='ltr'>captum</span> 
     </span>
     <span class='ocr_line' id='line_1_35' title="bbox 145 4330 1261 4400; baseline 0.002 -14"><span class='ocrx_word' id='word_1_264' title='bbox 145 4333 282 4388; x_wconf 90' lang='lat' dir='ltr'>decollare</span> <span class='ocrx_word' id='word_1_265' title='bbox 299 4333 383 4388; x_wconf 89' lang='lat' dir='ltr'>iussit.</span> <span class='ocrx_word' id='word_1_266' title='bbox 457 4335 485 4400; x_wconf 82' lang='lat'>3)</span> <span class='ocrx_word' id='word_1_267' title='bbox 511 4333 593 4400; x_wconf 61' lang='lat' dir='ltr'>Rea:</span> <span class='ocrx_word' id='word_1_268' title='bbox 611 4336 726 4400; x_wconf 87' lang='lat' dir='ltr'>quantos</span> <span class='ocrx_word' id='word_1_269' title='bbox 745 4348 794 4384; x_wconf 85' lang='lat' dir='ltr'>rex</span> <span class='ocrx_word' id='word_1_270' title='bbox 813 4330 935 4398; x_wconf 84' lang='lat' dir='ltr'>expetiit.</span> <span class='ocrx_word' id='word_1_271' title='bbox 1007 4333 1037 4399; x_wconf 82' lang='lat'>4)</span> <span class='ocrx_word' id='word_1_272' title='bbox 1063 4333 1145 4400; x_wconf 69' lang='lat' dir='ltr'>Ray„-</span> <span class='ocrx_word' id='word_1_273' title='bbox 1163 4335 1261 4387; x_wconf 91' lang='lat' dir='ltr'>muris-</span> 
     </span>
    </p>
   </div>
   <div class='ocr_carea' id='block_1_8' title="bbox 102 4401 1047 4566">
    <p class='ocr_par' dir='ltr' id='par_1_8' title="bbox 102 4401 1047 4566">
     <span class='ocr_line' id='line_1_36' title="bbox 102 4401 1011 4484; baseline -0.002 -24"><span class='ocrx_word' id='word_1_274' title='bbox 102 4420 128 4460; x_wconf 80' lang='lat' dir='ltr'>as</span> <span class='ocrx_word' id='word_1_275' title='bbox 145 4422 197 4484; x_wconf 85' lang='lat' dir='ltr'>que</span> <span class='ocrx_word' id='word_1_276' title='bbox 216 4403 337 4458; x_wconf 87' lang='lat' dir='ltr'>eiusdem</span> <span class='ocrx_word' id='word_1_277' title='bbox 356 4403 472 4459; x_wconf 84' lang='lat' dir='ltr'>civitatis</span> <span class='ocrx_word' id='word_1_278' title='bbox 491 4403 587 4457; x_wconf 74' lang='lat' dir='ltr'>dnutis</span> <span class='ocrx_word' id='word_1_279' title='bbox 600 4402 835 4470; x_wconf 87' lang='lat' dir='ltr'>Wasconibusque</span> <span class='ocrx_word' id='word_1_280' title='bbox 853 4401 1011 4471; x_wconf 86' lang='lat' dir='ltr'>subiugatis.</span> 
     </span>
     <span class='ocr_line' id='line_1_37' title="bbox 1014 4510 1047 4566; baseline 0 -22"><span class='ocrx_word' id='word_1_281' title='bbox 1014 4510 1047 4566; x_wconf 78' lang='lat'>7*</span> 
     </span>
    </p>
   </div>
   <div class='ocr_carea' id='block_1_9' title="bbox 0 0 1486 4942">
    <p class='ocr_par' dir='ltr' id='par_1_9' title="bbox 0 0 1486 4942">
     <span class='ocr_line' id='line_1_38' title="bbox 0 0 1486 4942; baseline 0 3"><span class='ocrx_word' id='word_1_282' title='bbox 0 0 1486 4942; x_wconf 95' lang='lat' dir='ltr'> </span> 
     </span>
    </p>
   </div>
  </div>
 </body>
</html>
