2962 4942
287 456 468 512 ANNALus
485 455 711 511 METTFNSES
728 454 903 512 PRIORES.
934 456 970 512 A.
983 459 1044 513 788.
1057 459 1118 514 789.
1229 461 1262 513 77

251 636 412 704 Eodemque
431 651 503 688 enno
522 635 697 688 commissum
715 637 757 688 est
774 634 878 688 bellum
896 635 968 686 inter
986 633 1089 688 Grecos
1107 639 1136 688 et
1153 612 1370 719 Lam'issg'n·

144 726 277 794 berdos²‚
303 724 332 778 id
356 730 398 779 est
422 725 493 778 duee
518 722 654 793 Spolitino
678 723 790 777 nomine
814 721 1005 777 Hildebrendo
1030 740 1078 776 seu
1105 723 1175 777 duce
1200 722 1262 777 Gri-
1293 712 1299 723 ’
1323 712 1329 722 ’
1371 713 1376 722 “

144 815 265 882 mueldo,
285 831 366 883 quem
384 830 434 866 rex
452 812 566 866 Carolus
584 816 740 881 posuerat
764 812 862 866 ducem
887 829 969 881 super
986 811 1209 880 Beneventenos;
1236 815 1263 865 et

145 903 198 958 fuit
216 904 314 957 missus
332 901 510 970 wineghisus
527 917 583 954 une
601 918 664 954 cum
682 900 777 969 paucis
795 899 916 968 Francis,
941 906 972 953 ut
992 900 1149 969 previderet
1167 917 1262 954 eorum

116 992 246 1058 somnis,
272 1009 325 1060 que
351 990 525 1060 egissent.
568 988 606 1043 'ut
631 989 779 1043 auxiliante
797 989 916 1042 Domino
941 990 1058 1044 victorie
1082 994 1123 1043 est
1148 989 1222 1043 fecte
1246 992 1263 1042 i

144 1080 258 1135 Francis
276 1097 323 1134 seu
342 1097 425 1149 supro
449 1078 597 1132 nominetis
616 1078 838 1148 Langobardis&
881 1078 1016 1133 Similiter
1040 1084 1068 1132 et
1091 1078 1146 1132 ulie
1169 1095 1263 1148 pugne

145 1169 290 1223 commisse
309 1173 350 1222 est
367 1170 440 1223 inter
457 1168 565 1222 Aseros
584 1171 613 1221 et
629 1166 758 1235 Francos,
778 1167 824 1235 qui
842 1167 871 1220 in
889 1167 972 1221 Italia
997 1184 1170 1221 commanere
1188 1167 1262 1221 vide-

145 1258 266 1314 bentur.
310 1257 379 1312 Sed
404 1257 614 1311 auxiliante
638 1256 757 1310 Domino
780 1254 923 1310 victoriam
953 1255 1130 1324 optinuerunt
1154 1255 1262 1322 Franci,

146 1351 173 1400 et
186 1346 274 1401 Avari
293 1364 356 1401 oum
375 1347 540 1401 contumelia
557 1345 661 1399 reversi
678 1348 750 1412 sunt,
768 1344 835 1414 fuge
852 1344 922 1413 lapsi
940 1345 998 1398 sine
1015 1345 1138 1400 victorie.
1170 1344 1263 1397 Tertia

105 1452 129 1490 10
144 1453 238 1506 pugna
256 1437 401 1490 commissa
418 1439 460 1490 est
478 1436 550 1490 inter
567 1433 710 1488 Baioarios
735 1437 762 1487 et
780 1433 887 1487 Avares
912 1433 941 1487 in
966 1450 1064 1502 compo
1082 1430 1210 1501 lbosetb,
1235 1436 1263 1485 et

145 1523 256 1578 fuerunt
273 1524 313 1578 ibi
331 1525 406 1578 missi
425 1525 519 1578 domni
542 1524 615 1594 regis
635 1521 726 1576 Osroli
744 1521 953 1576 Grehemennus
972 1524 1013 1576 *et
1030 1521 1175 1575 Audscrus
1200 1538 1262 1574 cum
1273 1534 1302 1581 γ.
1313 1535 1358 1573 ι4ο.

146 1613 280 1682 aliquibus
299 1613 420 1682 Francis,
446 1618 481 1667 et
497 1613 616 1667 Domino
638 1611 787 1666 auxiliante
812 1611 926 1666 victoris
950 1610 1003 1664 fuit
1020 1609 1190 1665 Fruncorum
1215 1627 1262 1664 sen

146 1701 344 1759 Bsiosiiorum.
390 1701 428 1756 Itt
454 1703 507 1755 istu
533 1702 626 1755 omnis
653 1700 825 1770 supradictus
849 1700 906 1754 dux
931 1699 1035 1754 Tessilo
1062 1717 1111 1754 seu
1135 1699 1263 1754 malivole

146 1807 215 1844 uxor
233 1792 291 1845 eius
303 1791 464 1860 Liutberge,
483 1791 542 1844 Deo
561 1789 678 1858 odibilis,
697 1807 748 1859 per
764 1789 890 1844 fraudem
909 1789 1129 1860 consilievenmt.
1159 1789 1264 1860 Quarta

106 1893 129 1933 1⁶
146 1896 239 1950 pugna
264 1879 318 1933 fuit
342 1880 487 1933 commisse
511 1880 545 1932 eb
565 1879 698 1946 Avaris⁰‚
723 1880 770 1948 qui
788 1880 935 1933 voluerunt
958 1877 1107 1932 vindictum
1131 1895 1264 1949 peragere

148 1972 242 2021 contra
260 1965 410 2024 Baioarios.
446 1967 492 2021 Ibi
513 1967 640 2022 similiter
663 1967 776 2022 fuerunt
799 1967 874 2021 missi
900 1967 995 2021 domni
1020 1967 1092 2038 regis
1110 1965 1210 2034 Geruli,
1236 1970 1265 2021 et

146 2055 264 2110 Domino
294 2060 457 2127 protegente
488 2057 603 2110 victorie
633 2056 849 2110 Christianorum
881 2055 1002 2112 affuit.
1051 2055 1140 2108 Avari
1168 2055 1263 2124 fugem

146 2144 315 2214 incipientes,
334 2146 421 2199 mults
439 2150 543 2216 strages
560 2145 664 2199 ibidem
682 2146 755 2198 fecte
776 2149 817 2198 est
838 2145 1037 2213 occisorum,
1063 2148 1092 2198 et
1116 2132 1263 2213 plurimi1

147 2233 313 2288 inDenubio
331 2234 415 2288 fluvio
433 2235 519 2288 vitem
537 2233 660 2287 necundo
679 2232 836 2286 emiserunt.
866 2232 933 2286 Post
950 2232 1019 2287 haec
1037 2233 1130 2286 omnia
1147 2231 1265 2286 domnus

107 2337 131 2377 so
148 2320 260 2375 Carolus
287 2317 321 2373 in
348 2317 524 2374 Baioariam
552 2322 587 2375 ed
613 2322 812 2392 Reganesburg
841 2322 967 2390 pervenit
996 2326 1023 2375 et
1053 2321 1092 2375 ibi
1122 2320 1191 2376 fines
1220 2323 1265 2376 vel

147 2428 250 2464 meroes
274 2410 465 2465 Baioariorum
492 2411 639 2480 disposuit,
667 2410 804 2480 quomodo
829 2410 933 2464 salvae
957 2411 1077 2464 Domino
1101 2415 1265 2482 protegente

148 2503 242 2553 contre
268 2500 322 2553 iem
348 2500 434 2554 dictos
456 2500 563 2553 risuros
589 2517 645 2554 esse
669 2498 829 2568 potuissent.
871 2497 942 2553 Inde
966 2516 1090 2553 reversus
1115 2499 1265 2555 celebravit

147 2589 266 2643 natalem
284 2588 396 2641 Domini
414 2595 447 2642 et
465 2589 566 2657 pasche
583 2590 613 2641 iu
629 2588 718 2657 Aquis
735 2588 850 2657 palacio.
1274 2569 1334 2676 339·
1341 2641 1366 2678 19

253 2661 378 2730 Anno‘l
409 2666 601 2730 dominicae
635 2665 882 2729 iucarnationis
915 2664 1261 2731 DOOLXXXVIIH.
1291 2651 1329 2687 μ’
1368 2667 1374 2678 “

107 2774 130 2813 ss
148 2755 332 2818 Gloriosusi
360 2778 414 2818 rex
438 2759 567 2818 Carolus
596 2761 657 2817 iter
685 2760 801 2817 indixit
830 2760 1016 2817 exercitibus
1047 2761 1112 2816 suis
1139 2769 1380 2834 partibusms.

148 2854 317 2923 Sclaveuiee,
343 2865 477 2924 querume
503 2856 667 2909 vocobulum
692 2859 733 2908 est
754 2852 902 2910 vulzefss.
947 2849 1150 2924 Traieetoque
1173 2850 1262 2908 Reno

147 2943 251 2997 iuxta
276 2944 419 2998 Coloniam
443 2945 540 2998 urbem
565 2962 615 3014 per
633 2944 781 2999 Saxoniem
807 2945 842 2998 ad
860 2944 972 2998 Albium
997 2943 1110 2996 flurium
1135 2945 1262 3014 [venit]3,

147 3032 239 3102 ibique
266 3032 322 3087 Ποε
350 3035 448 3101 pontes
475 3034 634 3089 construxit.
679 3032 803 3103 Quorum
834 3051 931 3086 uuum
962 3049 996 3085 ex
1026 3036 1141 3101 utroque
1172 3033 1262 3101 eapite

148 3117 284 3174 castellis
313 3116 481 3173 tutissimis
510 3139 544 3175 ex
571 3122 646 3190 ligno
675 3126 702 3174 et
731 3125 804 3175 terre
837 3102 1027 3188 [munivithl.
1064 3116 1165 3172 iude
1194 3134 1261 3191 pro·

107 3218 131 3256 so
148 3204 290 3262 ficiscens
318 3211 487 3280 supradictos
512 3209 624 3264 Sclevos
652 3205 842 3278 subiugavit.
888 3210 1011 3263 Fuerunt
1038 3208 1145 3262 autem
1169 3206 1201 3262 in
1225 3223 1262 3263 ea

148 3294 345 3368 expeditione
364 3300 464 3354 Franci
483 3305 518 3353 et
536 3300 666 3367 Saxones
682 3298 881 3368 Frisonesque
900 3299 1009 3368 navigio
1028 3317 1078 3368 per
1090 3299 1262 3354 Abolani-⁴

146 3387 260 3441 fluvium
278 3384 311 3439 in
335 3385 487 3440 auxilium
509 3383 640 3458 profecti
664 3384 748 3439 sunt.
786 3386 910 3440 Fuerunt
928 3387 1011 3441 etiem
1029 3387 1121 3442 Sclavi
1139 3407 1202 3443 cum
1220 3407 1261 3458 00,

147 3493 263 3544 quorum
281 3479 416 3531 vocabule
441 3482 505 3531 sunt
522 3475 657 3530 Surbik·⁶
682 3493 733 3530 nec
757 3493 813 3529 non
831 3476 970 3543 Abodriti‚
995 3495 1112 3546 quorum
1135 3479 1262 3548 princeps

147 3565 199 3619 fuit
219 3565 358 3622 Wrzanl.
398 3555 503 3619 Venit
526 3557 641 3618 autem
667 3555 889 3617 eorumdemm
912 3554 1111 3618 Sclavorum
1135 3577 1194 3620 rex
1217 3557 1261 3619 ed

106 3665 129 3704 es
148 3663 225 3708 eum
255 3644 316 3726 qui
344 3643 534 3709 vocabatur
564 3642 755 3727 Drogoviz⁶
785 3645 820 3705 et
849 3644 1002 3707 reddidit
1030 3666 1173 3728 regnum
1208 3645 1262 3707 illi

147 3836 168 3881 e)
182 3836 312 3884 longobard.
327 3835 375 3874 Al.
430 3835 453 3884 b)
468 3835 534 3873 Ibose
548 3835 605 3873 Ans.
621 3845 639 3876 r.
653 3835 692 3873 Fr.
747 3834 767 3884 c)
784 3832 888 3872 iteneris
901 3834 924 3883 (e
937 3834 1039 3884 Buvuris)
1054 3835 1101 3873 Al.
1156 3832 1179 3884 d)
1196 3834 1261 3874 Anno

147 3910 172 3916 -
190 3888 405 3928 DCOLXXXVIIII.
424 3899 465 3930 m.
483 3889 533 3927 Al.
616 3888 636 3938 e)
658 3899 752 3936 quorum
771 3888 827 3928 Ans.
841 3899 860 3927 r.
876 3888 915 3925 Fr.
997 3889 1013 3938 i)
1027 3888 1099 3926 Wilze
1116 3887 1173 3926 Ann.
1189 3899 1207 3929 r.
1221 3888 1260 3927 Fr.

147 3942 168 3991 g)
186 3952 214 3980 ec·
227 3943 285 3981 Ann.
300 3954 320 3981 r.
334 3942 374 3980 Fr.
389 3942 469 3991 suppl„
483 3953 526 3980 om.
541 3941 588 3979 Al.
644 3942 667 3988 h)
686 3942 738 3979 leaeo
751 3941 875 3978 estsimilis
888 3942 1075 3988 voaesupplsnda;
1090 3941 1118 3986 cf.
1133 3940 1189 3983 Anu.
1203 3953 1223 3990 q.
1238 3943 1260 3980 d.

147 3994 255 4034 Einbcrds'
269 3999 288 4034 st
303 3997 358 4036 Ann.
371 3995 436 4034 Fata.
452 3999 509 4034 aues.
524 3995 589 4033 Eine.
644 3995 661 4042 i)
680 3995 761 4033 albium
776 3995 826 4044 Δις
842 3995 921 4034 entend.
937 4004 964 4031 ex
977 3995 1035 4032 dnn.
1051 4005 1069 4033 r.
1085 3994 1122 4035 Fr.
1175 3994 1200 4044 k)
1214 3994 1261 4034 Sibi

105 4043 130 4081 40
147 4049 195 4089 Al.
252 4049 267 4100 1)
282 4049 371 4089 Wltzen
386 4049 444 4088 Ann.
459 4060 478 4089 r.
494 4049 533 4087 Fr.
588 4048 618 4099 m)
633 4045 740 4087 eorddem
753 4047 801 4085 Al.

149 4207 174 4277 1)
199 4210 234 4263 Α.
260 4226 283 4262 r.
309 4209 374 4264 Fa:
401 4207 462 4277 elii;
487 4211 560 4263 Anu.
583 4224 607 4274 q.
631 4209 656 4259 d.
679 4207 833 4259 Einhardi:
859 4204 946 4259 multi.
1054 4206 1081 4275 2)
1109 4207 1150 4272 Cf.
1175 4224 1262 4275 supra

144 4294 173 4344 p.
192 4282 235 4344 51,
262 4280 278 4335 ι.
299 4283 342 4335 21.
423 4281 451 4347 3)
479 4281 561 4330 Wses
583 4281 635 4331 ses
657 4279 794 4331 Weotaes.
873 4279 902 4344 4)
926 4276 1019 4331 naves.
1098 4281 1125 4345 5)
1153 4279 1260 4335 cerem,

148 4349 174 4418 6)
202 4352 285 4404 Cuius
309 4353 391 4403 etiam
415 4353 445 4403 ic
463 4352 536 4403 Anu.
554 4368 578 4417 q.
597 4351 622 4403 d.
642 4350 782 4401 Einhardi
806 4349 948 4415 multisque
972 4349 1033 4400 aliis
1058 4350 1185 4416 fontibus,
1209 4368 1263 4405 non

147 4425 232 4474 tansen
252 4425 283 4474 in
300 4425 334 4478 A.
353 4439 379 4477 r.
398 4423 447 4477 Fr.
466 4424 562 4474 mentio
580 4422 610 4486 fit
617 4438 629 4484 ;
648 4423 681 4486 cf.
701 4420 897 4472 Abel-Simeon
916 4420 955 4485 II,
973 4438 1003 4488 p.
1022 4423 1048 4486 5,
1066 4437 1093 4476 c.
1112 4424 1137 4477 5.
