2962 4942
597 530 827 588 PRAEFATIO.
1188 531 1277 587 XVII

156 716 263 778 eadem
287 720 456 778 occurrunt
481 713 651 792 manifesto
673 713 741 779 iam
763 714 899 795 scriptor
921 713 1024 793 liuius,
1053 717 1138 796 qnod
1162 721 1273 796 castet,

156 802 268 883 operis,
304 809 333 867 ct
365 802 431 884 iisse
460 803 550 867 bomo
579 802 695 867 bebetis
724 803 856 885 inaenii,
888 802 1049 884 commisit,
1080 802 1127 868 ita
1156 810 1191 867 ut
1222 803 1275 869 bic

155 913 262 955 aeram
286 891 446 956 lectionem
468 891 614 957 indicare
636 891 770 972 quidem,
795 891 957 956 restituere
980 913 1045 956 non
1068 891 1184 956 liceret.

261 980 306 1044 In
329 980 420 1061 notis,
445 1001 524 1062 quas
540 980 662 1061 addidi,
686 980 722 1044 id
735 980 873 1045 manime
888 980 969 1044 mibi
984 982 1139 1063 coendum
1156 981 1272 1062 censui,
1369 1016 1371 1020 Α

121 1075 203 1149 sut,
234 1076 388 1150 qnatenus
417 1069 590 1134 annalibus
624 1069 743 1133 nostris
775 1070 856 1148 rides
889 1069 1085 1148 adhibenda,
1120 1076 1274 1150 qnatenus

154 1160 302 1239 necanda
331 1157 381 1238 sit,
418 1157 647 1239 discernerem·
670 1163 841 1238 praeterea
871 1179 936 1223 non
960 1179 1070 1240 panca
1098 1160 1136 1221 dc
1166 1178 1273 1222 eorum

153 1268 294 1311 sermone
324 1247 441 1329 cotteai.
493 1247 606 1328 Quoad
627 1253 739 1328 partes
769 1267 808 1310 en
835 1245 1134 1312 Continuationibus
1157 1247 1273 1312 Frede-

151 1335 241 1416 9arii
269 1335 335 1400 sice
358 1335 542 1400 Annalibus
571 1356 680 1416 remim
702 1336 906 1400 Francorum
935 1342 1096 1416 excerptas
1125 1358 1163 1400 ea
1192 1356 1300 1424 quae·

152 1424 193 1489 B.
209 1424 339 1489 Krnscb
355 1430 384 1488 et
394 1425 436 1487 F.
450 1425 562 1489 Kurae
577 1425 649 1488 VV.
665 1422 723 1488 cti.
740 1423 777 1488 in
792 1423 983 1490 editionibus
998 1427 1043 1489 ad
1057 1424 1189 1488 nomina
1197 1445 1271 1506 per·

107 1542 134 1580 10
153 1534 304 1577 sonarum
328 1535 366 1578 ao
389 1513 526 1578 iocorum
549 1512 744 1578 illustranda
768 1513 942 1577 attulerunt
964 1514 1000 1577 ob
1024 1512 1270 1578 commoditatem

153 1601 276 1666 lectoris
299 1602 477 1680 transferre
500 1623 566 1666 non
588 1601 798 1683 inconyrunm
821 1623 877 1667 nec
899 1601 1046 1667 illicitum
1062 1601 1187 1684 mrtaoi.

258 1692 334 1755 Iam
363 1712 436 1754 aero
464 1697 571 1771 restat,
607 1697 642 1755 ut
670 1690 752 1755 ciris
787 1690 978 1756 clarissimis
1011 1697 1040 1755 et
1069 1690 1268 1771 doctissimis,

152 1778 207 1859 qui
229 1779 267 1843 in
289 1780 346 1844 boo
369 1781 514 1860 opusculo
538 1781 655 1844 edendo
678 1779 809 1844 consitio
832 1785 862 1844 et
883 1801 938 1861 ope
968 1779 1192 1862 benionissime
1221 1800 1270 1843 me

152 1867 350 1948 adiuverunt,
373 1869 469 1932 immo
492 1890 643 1951 maenam
660 1875 788 1949 partem
810 1889 923 1950 operae
946 1874 1156 1949 susceperunt,
1175 1889 1270 1950 prae·

106 1983 132 2022 15
151 1956 240 2037 cipue
268 1957 414 2022 Osmaido
436 1958 703 2040 Hoider-Eooer,
727 1957 783 2038 qui
806 1958 959 2039 piaoutas
982 1977 1101 2038 auoque
1123 1955 1268 2035 correxit,

151 2051 216 2109 tum
254 2046 300 2108 K.
339 2047 381 2111 A.
421 2047 515 2111 Kebr
553 2048 580 2111 b.
619 2068 677 2126 m.,
717 2047 767 2110 M.
809 2047 992 2125 Krammer,
1032 2046 1083 2111 W.
1122 2044 1269 2126 Leimon,

150 2133 193 2196 B.
219 2134 422 2216 Scbmeidter,
447 2135 503 2217 aui
525 2135 663 2200 indicem
686 2155 804 2216 qnoque
831 2134 991 2214 adiunooit,
1021 2132 1147 2215 oratius
1175 2154 1270 2215 aqam

150 2244 317 2288 monimus.

256 2313 384 2377 Dabam
411 2311 569 2393 Friburoi
590 2311 839 2394 Brisioaoornm
869 2334 899 2376 a.
924 2312 955 2376 d.
980 2311 1046 2375 IV.
1071 2312 1158 2375 Non.
1183 2310 1270 2393 Ano.

104 2423 132 2461 20
151 2423 181 2466 a.
206 2401 448 2468 Moaoocr.

810 2506 853 2570 B.
877 2507 947 2572 DE
969 2505 1160 2572 SIMSON.
