<?xml version="1.0" encoding="UTF-8"?>
<!DOCTYPE html PUBLIC "-//W3C//DTD XHTML 1.0 Transitional//EN"
    "http://www.w3.org/TR/xhtml1/DTD/xhtml1-transitional.dtd">
<html xmlns="http://www.w3.org/1999/xhtml" xml:lang="en" lang="en">
 <head>
  <title>
</title>
<meta http-equiv="Content-Type" content="text/html;charset=utf-8" />
  <meta name='ocr-system' content='tesseract 3.04.00' />
  <meta name='ocr-capabilities' content='ocr_page ocr_carea ocr_par ocr_line ocrx_word'/>
</head>
<body>
  <div class='ocr_page' id='page_1' title='image "annalesmettense00abbegoog_0063.png"; bbox 0 0 2962 4942; ppageno 0'>
   <div class='ocr_carea' id='block_1_1' title="bbox 333 445 1272 508">
    <p class='ocr_par' dir='ltr' id='par_1_1' title="bbox 333 445 1272 508">
     <span class='ocr_line' id='line_1_1' title="bbox 333 445 1272 508; baseline 0.009 -8"><span class='ocrx_word' id='word_1_1' title='bbox 333 446 513 502; x_wconf 79' lang='lat' dir='ltr'>ANNALES</span> <span class='ocrx_word' id='word_1_2' title='bbox 530 445 756 502; x_wconf 63' lang='lat' dir='ltr'>Mercurialis</span> <span class='ocrx_word' id='word_1_3' title='bbox 774 446 946 504; x_wconf 73' lang='lat' dir='ltr'>PRIORES.</span> <span class='ocrx_word' id='word_1_4' title='bbox 977 448 1014 505; x_wconf 76' lang='lat' dir='ltr'>A.</span> <span class='ocrx_word' id='word_1_5' title='bbox 1027 452 1087 505; x_wconf 80' lang='lat'>747.</span> <span class='ocrx_word' id='word_1_6' title='bbox 1237 453 1272 508; x_wconf 73' lang='lat'>89</span> 
     </span>
    </p>
   </div>
   <div class='ocr_carea' id='block_1_2' title="bbox 155 630 1273 804">
    <p class='ocr_par' dir='ltr' id='par_1_2' title="bbox 155 630 1273 804">
     <span class='ocr_line' id='line_1_2' title="bbox 261 630 1273 716; baseline 0.005 -23"><span class='ocrx_word' id='word_1_7' title='bbox 261 630 390 696; x_wconf 78' lang='lat' dir='ltr'>Eodem</span> <span class='ocrx_word' id='word_1_8' title='bbox 423 651 513 694; x_wconf 88' lang='lat' dir='ltr'>anno</span> <span class='ocrx_word' id='word_1_9' title='bbox 544 631 710 714; x_wconf 89' lang='lat' dir='ltr'>Pippinus</span> <span class='ocrx_word' id='word_1_10' title='bbox 744 630 896 694; x_wconf 93' lang='lat' dir='ltr'>omnium</span> <span class='ocrx_word' id='word_1_11' title='bbox 928 630 1137 695; x_wconf 76' lang='lat' dir='ltr'>Francorum</span> <span class='ocrx_word' id='word_1_12' title='bbox 1171 652 1273 716; x_wconf 85' lang='lat' dir='ltr'>gene·</span> 
     </span>
     <span class='ocr_line' id='line_1_3' title="bbox 155 717 1271 804; baseline 0.003 -21"><span class='ocrx_word' id='word_1_13' title='bbox 155 720 277 785; x_wconf 86' lang='lat' dir='ltr'>raliter&#39;</span> <span class='ocrx_word' id='word_1_14' title='bbox 300 721 459 804; x_wconf 88' lang='lat' dir='ltr'>princeps</span> <span class='ocrx_word' id='word_1_15' title='bbox 483 717 736 784; x_wconf 87' lang='lat' dir='ltr'>misericordia1</span> <span class='ocrx_word' id='word_1_16' title='bbox 759 721 873 782; x_wconf 87' lang='lat' dir='ltr'>motus</span> <span class='ocrx_word' id='word_1_17' title='bbox 899 719 1043 783; x_wconf 86' lang='lat' dir='ltr'>fratrem</span> <span class='ocrx_word' id='word_1_18' title='bbox 1073 740 1173 784; x_wconf 89' lang='lat' dir='ltr'>auum</span> <span class='ocrx_word' id='word_1_19' title='bbox 1197 720 1271 786; x_wconf 86' lang='lat' dir='ltr'>Gri-</span> 
     </span>
    </p>
   </div>
   <div class='ocr_carea' id='block_1_3' title="bbox 309 925 1413 3908">
    <p class='ocr_par' dir='ltr' id='par_1_3' title="bbox 309 925 1413 3908">
     <span class='ocr_line' id='line_1_4' title="bbox 314 925 1270 998; baseline 0.003 -19"><span class='ocrx_word' id='word_1_20' title='bbox 314 927 406 995; x_wconf 90' lang='lat' dir='ltr'>quirit.</span> <span class='ocrx_word' id='word_1_21' title='bbox 443 926 534 994; x_wconf 86' lang='lat' dir='ltr'>Pater,</span> <span class='ocrx_word' id='word_1_22' title='bbox 561 943 624 979; x_wconf 93' lang='lat' dir='ltr'>cum</span> <span class='ocrx_word' id='word_1_23' title='bbox 649 925 789 978; x_wconf 93' lang='lat' dir='ltr'>hominem</span> <span class='ocrx_word' id='word_1_24' title='bbox 812 926 989 996; x_wconf 86' lang='lat' dir='ltr'>peregrinum</span> <span class='ocrx_word' id='word_1_25' title='bbox 1014 943 1072 980; x_wconf 88' lang='lat' dir='ltr'>esse</span> <span class='ocrx_word' id='word_1_26' title='bbox 1090 928 1270 998; x_wconf 74' lang='lat' dir='ltr'>cognovisset,</span> 
     </span>
     <span class='ocr_line' id='line_1_5' title="bbox 313 997 1270 1067; baseline 0.004 -17"><span class='ocrx_word' id='word_1_27' title='bbox 313 998 473 1067; x_wconf 87' lang='lat' dir='ltr'>interrogat,</span> <span class='ocrx_word' id='word_1_28' title='bbox 498 998 574 1050; x_wconf 88' lang='lat' dir='ltr'>cuius</span> <span class='ocrx_word' id='word_1_29' title='bbox 598 997 709 1066; x_wconf 70' lang='lat' dir='ltr'>patries</span> <span class='ocrx_word' id='word_1_30' title='bbox 724 1001 772 1050; x_wconf 89' lang='lat' dir='ltr'>aut</span> <span class='ocrx_word' id='word_1_31' title='bbox 789 998 878 1066; x_wconf 87' lang='lat' dir='ltr'>gentis</span> <span class='ocrx_word' id='word_1_32' title='bbox 896 1001 974 1052; x_wconf 87' lang='lat' dir='ltr'>esset.</span> <span class='ocrx_word' id='word_1_33' title='bbox 1010 997 1051 1051; x_wconf 90' lang='lat' dir='ltr'>At</span> <span class='ocrx_word' id='word_1_34' title='bbox 1068 998 1115 1052; x_wconf 91' lang='lat' dir='ltr'>ille</span> <span class='ocrx_word' id='word_1_35' title='bbox 1132 999 1270 1054; x_wconf 87' lang='lat' dir='ltr'>confessus</span> 
     </span>
     <span class='ocr_line' id='line_1_6' title="bbox 314 1067 1269 1140; baseline 0.002 -18"><span class='ocrx_word' id='word_1_36' title='bbox 314 1085 342 1122; x_wconf 89' lang='lat' dir='ltr'>se</span> <span class='ocrx_word' id='word_1_37' title='bbox 360 1068 496 1122; x_wconf 80' lang='lat' dir='ltr'>Francum</span> <span class='ocrx_word' id='word_1_38' title='bbox 521 1085 578 1122; x_wconf 88' lang='lat' dir='ltr'>esse</span> <span class='ocrx_word' id='word_1_39' title='bbox 605 1072 633 1121; x_wconf 91' lang='lat' dir='ltr'>et</span> <span class='ocrx_word' id='word_1_40' title='bbox 658 1085 693 1122; x_wconf 83' lang='lat' dir='ltr'>ex</span> <span class='ocrx_word' id='word_1_41' title='bbox 713 1067 830 1121; x_wconf 77' lang='lat' dir='ltr'><strong>Francia</strong></span> <span class='ocrx_word' id='word_1_42' title='bbox 854 1085 904 1137; x_wconf 88' lang='lat' dir='ltr'>pro</span> <span class='ocrx_word' id='word_1_43' title='bbox 929 1067 979 1121; x_wconf 85' lang='lat' dir='ltr'>tali</span> <span class='ocrx_word' id='word_1_44' title='bbox 1004 1069 1105 1124; x_wconf 87' lang='lat' dir='ltr'>scelere</span> <span class='ocrx_word' id='word_1_45' title='bbox 1129 1071 1269 1140; x_wconf 74' lang='lat' dir='ltr'>migrasse,</span> 
     </span>
     <span class='ocr_line' id='line_1_7' title="bbox 314 1138 1269 1209; baseline 0.003 -16"><span class='ocrx_word' id='word_1_46' title='bbox 314 1139 426 1193; x_wconf 79' lang='lat' dir='ltr'>exilium</span> <span class='ocrx_word' id='word_1_47' title='bbox 453 1139 571 1194; x_wconf 85' lang='lat' dir='ltr'>libenter</span> <span class='ocrx_word' id='word_1_48' title='bbox 598 1138 669 1193; x_wconf 89' lang='lat' dir='ltr'>ferre</span> <span class='ocrx_word' id='word_1_49' title='bbox 695 1143 836 1207; x_wconf 88' lang='lat' dir='ltr'>paratum,</span> <span class='ocrx_word' id='word_1_50' title='bbox 863 1143 971 1193; x_wconf 89' lang='lat' dir='ltr'>tantum</span> <span class='ocrx_word' id='word_1_51' title='bbox 997 1140 1116 1209; x_wconf 89' lang='lat' dir='ltr'>patriam</span> <span class='ocrx_word' id='word_1_52' title='bbox 1142 1142 1269 1196; x_wconf 76' lang='lat' dir='ltr'>celestem</span> 
     </span>
     <span class='ocr_line' id='line_1_8' title="bbox 313 1210 1269 1282; baseline 0.002 -19"><span class='ocrx_word' id='word_1_53' title='bbox 313 1227 369 1264; x_wconf 93' lang='lat' dir='ltr'>non</span> <span class='ocrx_word' id='word_1_54' title='bbox 394 1210 543 1267; x_wconf 87' lang='lat' dir='ltr'>amitteret.</span> <span class='ocrx_word' id='word_1_55' title='bbox 578 1210 716 1278; x_wconf 87' lang='lat' dir='ltr'>Spiritalis</span> <span class='ocrx_word' id='word_1_56' title='bbox 740 1213 819 1278; x_wconf 89' lang='lat' dir='ltr'>pater</span> <span class='ocrx_word' id='word_1_57' title='bbox 837 1210 895 1263; x_wconf 91' lang='lat' dir='ltr'>eius</span> <span class='ocrx_word' id='word_1_58' title='bbox 917 1210 1045 1279; x_wconf 82' lang='lat' dir='ltr'>precibus</span> <span class='ocrx_word' id='word_1_59' title='bbox 1069 1228 1190 1265; x_wconf 89' lang='lat' dir='ltr'>annuens</span> <span class='ocrx_word' id='word_1_60' title='bbox 1207 1229 1269 1282; x_wconf 90' lang='lat' dir='ltr'>pre-</span> 
     </span>
     <span class='ocr_line' id='line_1_9' title="bbox 314 1280 1269 1353; baseline 0.004 -19"><span class='ocrx_word' id='word_1_61' title='bbox 314 1282 387 1350; x_wconf 89' lang='lat' dir='ltr'>cepit</span> <span class='ocrx_word' id='word_1_62' title='bbox 412 1298 476 1335; x_wconf 88' lang='lat' dir='ltr'>eum</span> <span class='ocrx_word' id='word_1_63' title='bbox 500 1281 528 1333; x_wconf 93' lang='lat' dir='ltr'>in</span> <span class='ocrx_word' id='word_1_64' title='bbox 554 1282 623 1334; x_wconf 91' lang='lat' dir='ltr'>cella</span> <span class='ocrx_word' id='word_1_65' title='bbox 646 1280 814 1335; x_wconf 91' lang='lat' dir='ltr'>novitiorum</span> <span class='ocrx_word' id='word_1_66' title='bbox 836 1282 923 1350; x_wconf 88' lang='lat' dir='ltr'>recipi</span> <span class='ocrx_word' id='word_1_67' title='bbox 941 1298 996 1334; x_wconf 90' lang='lat' dir='ltr'>una</span> <span class='ocrx_word' id='word_1_68' title='bbox 1013 1299 1077 1335; x_wconf 88' lang='lat' dir='ltr'>cum</span> <span class='ocrx_word' id='word_1_69' title='bbox 1095 1299 1144 1336; x_wconf 91' lang='lat' dir='ltr'>suo</span> <span class='ocrx_word' id='word_1_70' title='bbox 1163 1283 1269 1353; x_wconf 85' lang='lat' dir='ltr'>collega</span> 
     </span>
     <span class='ocr_line' id='line_1_10' title="bbox 314 1350 1259 1422; baseline 0.003 -18"><span class='ocrx_word' id='word_1_71' title='bbox 314 1352 407 1420; x_wconf 88' lang='lat' dir='ltr'>ibique</span> <span class='ocrx_word' id='word_1_72' title='bbox 425 1352 544 1420; x_wconf 92' lang='lat' dir='ltr'>probari,</span> <span class='ocrx_word' id='word_1_73' title='bbox 563 1352 713 1405; x_wconf 91' lang='lat' dir='ltr'>secundum</span> <span class='ocrx_word' id='word_1_74' title='bbox 726 1351 799 1419; x_wconf 92' lang='lat' dir='ltr'>quod</span> <span class='ocrx_word' id='word_1_75' title='bbox 811 1353 908 1421; x_wconf 86' lang='lat' dir='ltr'>regula</span> <span class='ocrx_word' id='word_1_76' title='bbox 925 1350 1009 1422; x_wconf 86' lang='lat' dir='ltr'>iubet,</span> <span class='ocrx_word' id='word_1_77' title='bbox 1030 1357 1057 1406; x_wconf 90' lang='lat' dir='ltr'>et</span> <span class='ocrx_word' id='word_1_78' title='bbox 1074 1356 1152 1406; x_wconf 90' lang='lat' dir='ltr'>tanto</span> <span class='ocrx_word' id='word_1_79' title='bbox 1171 1354 1259 1408; x_wconf 89' lang='lat' dir='ltr'>arcius</span> 
     </span>
     <span class='ocr_line' id='line_1_11' title="bbox 314 1397 1268 1493; baseline 0.003 -17"><span class='ocrx_word' id='word_1_80' title='bbox 314 1427 416 1491; x_wconf 85' lang='lat' dir='ltr'>quanto</span> <span class='ocrx_word' id='word_1_81' title='bbox 434 1424 551 1476; x_wconf 89' lang='lat' dir='ltr'>barbare</span> <span class='ocrx_word' id='word_1_82' title='bbox 570 1427 598 1476; x_wconf 92' lang='lat' dir='ltr'>et</span> <span class='ocrx_word' id='word_1_83' title='bbox 615 1421 728 1476; x_wconf 80' lang='lat' dir='ltr'>innoteb</span> <span class='ocrx_word' id='word_1_84' title='bbox 745 1424 834 1492; x_wconf 87' lang='lat' dir='ltr'>gentis</span> <span class='ocrx_word' id='word_1_85' title='bbox 857 1422 940 1476; x_wconf 93' lang='lat' dir='ltr'>homo</span> <span class='ocrx_word' id='word_1_86' title='bbox 966 1428 1033 1490; x_wconf 86' lang='lat' dir='ltr'>erat,</span> <span class='ocrx_word' id='word_1_87' title='bbox 1059 1424 1175 1493; x_wconf 92' lang='lat' dir='ltr'>implens</span> <span class='ocrx_word' id='word_1_88' title='bbox 1200 1397 1268 1479; x_wconf 87' lang='lat' dir='ltr'>illud</span> 
     </span>
     <span class='ocr_line' id='line_1_12' title="bbox 313 1494 1413 1565; baseline 0.005 -19"><span class='ocrx_word' id='word_1_89' title='bbox 313 1495 506 1563; x_wconf 87' lang='lat' dir='ltr'>apostolicum:</span> <span class='ocrx_word' id='word_1_90' title='bbox 530 1495 643 1547; x_wconf 72' lang='lat' dir='ltr'>Probata</span> <span class='ocrx_word' id='word_1_91' title='bbox 660 1497 784 1562; x_wconf 63' lang='lat' dir='ltr'>spirtus,</span> <span class='ocrx_word' id='word_1_92' title='bbox 808 1496 836 1546; x_wconf 80' lang='lat' dir='ltr'>si</span> <span class='ocrx_word' id='word_1_93' title='bbox 851 1512 884 1546; x_wconf 78' lang='lat' dir='ltr'>cc</span> <span class='ocrx_word' id='word_1_94' title='bbox 902 1496 957 1547; x_wconf 81' lang='lat' dir='ltr'>Deo</span> <span class='ocrx_word' id='word_1_95' title='bbox 975 1501 1045 1550; x_wconf 80' lang='lat' dir='ltr'>auat.</span> <span class='ocrx_word' id='word_1_96' title='bbox 1082 1494 1180 1563; x_wconf 88' lang='lat' dir='ltr'>Itaque</span> <span class='ocrx_word' id='word_1_97' title='bbox 1205 1511 1413 1565; x_wconf 75' lang='lat' dir='ltr'>pro-1.10s.s,1.</span> 
     </span>
     <span class='ocr_line' id='line_1_13' title="bbox 313 1565 1268 1636; baseline 0.002 -18"><span class='ocrx_word' id='word_1_98' title='bbox 313 1566 391 1618; x_wconf 87' lang='lat' dir='ltr'>batus</span> <span class='ocrx_word' id='word_1_99' title='bbox 410 1566 439 1618; x_wconf 94' lang='lat' dir='ltr'>in</span> <span class='ocrx_word' id='word_1_100' title='bbox 457 1567 532 1619; x_wconf 91' lang='lat' dir='ltr'>omni</span> <span class='ocrx_word' id='word_1_101' title='bbox 550 1565 690 1633; x_wconf 84' lang='lat' dir='ltr'>paciencia</span> <span class='ocrx_word' id='word_1_102' title='bbox 708 1566 825 1618; x_wconf 90' lang='lat' dir='ltr'>sociatus</span> <span class='ocrx_word' id='word_1_103' title='bbox 848 1568 890 1618; x_wconf 85' lang='lat' dir='ltr'>est</span> <span class='ocrx_word' id='word_1_104' title='bbox 908 1565 1113 1636; x_wconf 74' lang='lat' dir='ltr'>congregationi</span> <span class='ocrx_word' id='word_1_105' title='bbox 1132 1584 1187 1620; x_wconf 90' lang='lat' dir='ltr'>una</span> <span class='ocrx_word' id='word_1_106' title='bbox 1205 1583 1268 1620; x_wconf 92' lang='lat' dir='ltr'>cum</span> 
     </span>
     <span class='ocr_line' id='line_1_14' title="bbox 313 1636 1268 1707; baseline 0.002 -18"><span class='ocrx_word' id='word_1_107' title='bbox 313 1637 420 1705; x_wconf 86' lang='lat' dir='ltr'>collega</span> <span class='ocrx_word' id='word_1_108' title='bbox 437 1640 500 1704; x_wconf 86' lang='lat' dir='ltr'>post</span> <span class='ocrx_word' id='word_1_109' title='bbox 518 1653 657 1689; x_wconf 91' lang='lat' dir='ltr'>emensum</span> <span class='ocrx_word' id='word_1_110' title='bbox 676 1637 740 1689; x_wconf 88' lang='lat' dir='ltr'>anni</span> <span class='ocrx_word' id='word_1_111' title='bbox 762 1636 902 1706; x_wconf 90' lang='lat' dir='ltr'>circulum,</span> <span class='ocrx_word' id='word_1_112' title='bbox 927 1637 1064 1704; x_wconf 87' lang='lat' dir='ltr'>professus</span> <span class='ocrx_word' id='word_1_113' title='bbox 1081 1637 1268 1707; x_wconf 79' lang='lat' dir='ltr'>stabilitatem,</span> 
     </span>
     <span class='ocr_line' id='line_1_15' title="bbox 313 1707 1268 1780; baseline 0.004 -21"><span class='ocrx_word' id='word_1_114' title='bbox 313 1708 566 1760; x_wconf 77' lang='lat' dir='ltr'>conversationeme</span> <span class='ocrx_word' id='word_1_115' title='bbox 589 1724 713 1775; x_wconf 93' lang='lat' dir='ltr'>morum,</span> <span class='ocrx_word' id='word_1_116' title='bbox 750 1707 934 1761; x_wconf 87' lang='lat' dir='ltr'>obedientiam</span> <span class='ocrx_word' id='word_1_117' title='bbox 964 1707 1114 1762; x_wconf 88' lang='lat' dir='ltr'>secundum</span> <span class='ocrx_word' id='word_1_118' title='bbox 1144 1711 1268 1780; x_wconf 88' lang='lat' dir='ltr'>regulam</span> 
     </span>
     <span class='ocr_line' id='line_1_16' title="bbox 313 1777 1268 1848; baseline 0.005 -18"><span class='ocrx_word' id='word_1_119' title='bbox 313 1779 398 1831; x_wconf 90' lang='lat' dir='ltr'>sancti</span> <span class='ocrx_word' id='word_1_120' title='bbox 410 1777 561 1833; x_wconf 85' lang='lat' dir='ltr'>Benedicti.</span> <span class='ocrx_word' id='word_1_121' title='bbox 589 1777 669 1848; x_wconf 79' lang='lat' dir='ltr'>Cepit</span> <span class='ocrx_word' id='word_1_122' title='bbox 687 1781 779 1832; x_wconf 89' lang='lat' dir='ltr'>autem</span> <span class='ocrx_word' id='word_1_123' title='bbox 792 1778 1069 1847; x_wconf 86' lang='lat' dir='ltr'>inreprehensibiliter</span> <span class='ocrx_word' id='word_1_124' title='bbox 1086 1779 1158 1833; x_wconf 88' lang='lat' dir='ltr'>inter</span> <span class='ocrx_word' id='word_1_125' title='bbox 1170 1779 1268 1835; x_wconf 69' lang='lat' dir='ltr'>fratrea</span> 
     </span>
     <span class='ocr_line' id='line_1_17' title="bbox 313 1849 1267 1921; baseline 0.003 -19"><span class='ocrx_word' id='word_1_126' title='bbox 313 1849 476 1914; x_wconf 84' lang='lat' dir='ltr'>conversari,</span> <span class='ocrx_word' id='word_1_127' title='bbox 502 1849 627 1904; x_wconf 88' lang='lat' dir='ltr'>omnibus</span> <span class='ocrx_word' id='word_1_128' title='bbox 652 1849 799 1903; x_wconf 88' lang='lat' dir='ltr'>virtutibus</span> <span class='ocrx_word' id='word_1_129' title='bbox 823 1850 938 1918; x_wconf 87' lang='lat' dir='ltr'>pollens.</span> <span class='ocrx_word' id='word_1_130' title='bbox 975 1850 1087 1903; x_wconf 83' lang='lat' dir='ltr'>Accidit</span> <span class='ocrx_word' id='word_1_131' title='bbox 1108 1856 1209 1921; x_wconf 90' lang='lat' dir='ltr'>autem,</span> <span class='ocrx_word' id='word_1_132' title='bbox 1229 1858 1267 1920; x_wconf 91' lang='lat' dir='ltr'>ut,</span> 
     </span>
     <span class='ocr_line' id='line_1_18' title="bbox 312 1919 1267 1990; baseline 0.003 -18"><span class='ocrx_word' id='word_1_133' title='bbox 312 1921 389 1973; x_wconf 82' lang='lat' dir='ltr'>iuxta</span> <span class='ocrx_word' id='word_1_134' title='bbox 415 1919 489 1988; x_wconf 92' lang='lat' dir='ltr'>quod</span> <span class='ocrx_word' id='word_1_135' title='bbox 516 1937 574 1973; x_wconf 90' lang='lat' dir='ltr'>mos</span> <span class='ocrx_word' id='word_1_136' title='bbox 603 1924 655 1990; x_wconf 89' lang='lat' dir='ltr'>est,</span> <span class='ocrx_word' id='word_1_137' title='bbox 684 1921 718 1974; x_wconf 89' lang='lat' dir='ltr'>ad</span> <span class='ocrx_word' id='word_1_138' title='bbox 745 1921 883 1989; x_wconf 86' lang='lat' dir='ltr'>quoquina</span> <span class='ocrx_word' id='word_1_139' title='bbox 910 1919 1033 1974; x_wconf 85' lang='lat' dir='ltr'>officium</span> <span class='ocrx_word' id='word_1_140' title='bbox 1058 1921 1267 1975; x_wconf 89' lang='lat' dir='ltr'>ebdomadarius</span> 
     </span>
     <span class='ocr_line' id='line_1_19' title="bbox 313 1990 1266 2061; baseline 0.001 -18"><span class='ocrx_word' id='word_1_141' title='bbox 313 1991 497 2059; x_wconf 85' lang='lat' dir='ltr'>deputaretur.</span> <span class='ocrx_word' id='word_1_142' title='bbox 543 1990 624 2061; x_wconf 76' lang='lat' dir='ltr'>Quod</span> <span class='ocrx_word' id='word_1_143' title='bbox 652 2009 713 2044; x_wconf 91' lang='lat' dir='ltr'>cum</span> <span class='ocrx_word' id='word_1_144' title='bbox 741 1992 859 2045; x_wconf 91' lang='lat' dir='ltr'>libenter</span> <span class='ocrx_word' id='word_1_145' title='bbox 885 1992 997 2060; x_wconf 89' lang='lat' dir='ltr'>quidem</span> <span class='ocrx_word' id='word_1_146' title='bbox 1024 1991 1135 2060; x_wconf 85' lang='lat' dir='ltr'>faceret,</span> <span class='ocrx_word' id='word_1_147' title='bbox 1162 1994 1210 2046; x_wconf 89' lang='lat' dir='ltr'>sed</span> <span class='ocrx_word' id='word_1_148' title='bbox 1237 1993 1266 2045; x_wconf 92' lang='lat' dir='ltr'>in</span> 
     </span>
     <span class='ocr_line' id='line_1_20' title="bbox 312 2061 1267 2132; baseline 0.002 -18"><span class='ocrx_word' id='word_1_149' title='bbox 312 2063 404 2114; x_wconf 92' lang='lat' dir='ltr'>multis</span> <span class='ocrx_word' id='word_1_150' title='bbox 422 2063 583 2131; x_wconf 80' lang='lat' dir='ltr'>ignoranter</span> <span class='ocrx_word' id='word_1_151' title='bbox 600 2061 760 2128; x_wconf 85' lang='lat' dir='ltr'>offenderet,</span> <span class='ocrx_word' id='word_1_152' title='bbox 780 2079 860 2116; x_wconf 91' lang='lat' dir='ltr'>cocus</span> <span class='ocrx_word' id='word_1_153' title='bbox 872 2063 936 2116; x_wconf 84' lang='lat' dir='ltr'>vino</span> <span class='ocrx_word' id='word_1_154' title='bbox 954 2066 1097 2116; x_wconf 87' lang='lat' dir='ltr'>exestuans</span> <span class='ocrx_word' id='word_1_155' title='bbox 1115 2063 1141 2116; x_wconf 89' lang='lat' dir='ltr'>ei</span> <span class='ocrx_word' id='word_1_156' title='bbox 1160 2064 1267 2132; x_wconf 87' lang='lat' dir='ltr'>alapam</span> 
     </span>
     <span class='ocr_line' id='line_1_21' title="bbox 313 2132 1267 2202; baseline 0.002 -17"><span class='ocrx_word' id='word_1_157' title='bbox 313 2133 388 2186; x_wconf 88' lang='lat' dir='ltr'>dedit</span> <span class='ocrx_word' id='word_1_158' title='bbox 406 2133 514 2187; x_wconf 87' lang='lat' dir='ltr'>dicens:</span> <span class='ocrx_word' id='word_1_159' title='bbox 533 2133 586 2186; x_wconf 82' lang='lat' dir='ltr'>‘lta</span> <span class='ocrx_word' id='word_1_160' title='bbox 604 2136 631 2187; x_wconf 91' lang='lat' dir='ltr'>te</span> <span class='ocrx_word' id='word_1_161' title='bbox 650 2133 779 2187; x_wconf 85' lang='lat' dir='ltr'>fratribus</span> <span class='ocrx_word' id='word_1_162' title='bbox 797 2133 933 2187; x_wconf 84' lang='lat' dir='ltr'>deservire</span> <span class='ocrx_word' id='word_1_163' title='bbox 952 2132 1111 2202; x_wconf 76' lang='lat' dir='ltr'>oportetrd‘</span> <span class='ocrx_word' id='word_1_164' title='bbox 1149 2132 1199 2186; x_wconf 86' lang='lat' dir='ltr'>Oui</span> <span class='ocrx_word' id='word_1_165' title='bbox 1221 2134 1267 2187; x_wconf 92' lang='lat' dir='ltr'>ille</span> 
     </span>
     <span class='ocr_line' id='line_1_22' title="bbox 312 2203 1265 2273; baseline 0.002 -17"><span class='ocrx_word' id='word_1_166' title='bbox 312 2205 351 2256; x_wconf 95' lang='lat' dir='ltr'>nil</span> <span class='ocrx_word' id='word_1_167' title='bbox 369 2208 459 2257; x_wconf 91' lang='lat' dir='ltr'>motus</span> <span class='ocrx_word' id='word_1_168' title='bbox 477 2204 585 2272; x_wconf 91' lang='lat' dir='ltr'>placido</span> <span class='ocrx_word' id='word_1_169' title='bbox 605 2205 682 2258; x_wconf 87' lang='lat' dir='ltr'>vultu</span> <span class='ocrx_word' id='word_1_170' title='bbox 700 2203 856 2272; x_wconf 86' lang='lat' dir='ltr'>respondit:</span> <span class='ocrx_word' id='word_1_171' title='bbox 881 2203 1037 2273; x_wconf 88' lang='lat' dir='ltr'>‘Indulgeat</span> <span class='ocrx_word' id='word_1_172' title='bbox 1054 2204 1107 2258; x_wconf 91' lang='lat' dir='ltr'>tibi</span> <span class='ocrx_word' id='word_1_173' title='bbox 1125 2203 1265 2273; x_wconf 89' lang='lat' dir='ltr'>Dominus,</span> 
     </span>
     <span class='ocr_line' id='line_1_23' title="bbox 312 2274 1266 2342; baseline 0.002 -15"><span class='ocrx_word' id='word_1_174' title='bbox 312 2274 404 2342; x_wconf 84' lang='lat' dir='ltr'>frater,</span> <span class='ocrx_word' id='word_1_175' title='bbox 424 2279 452 2328; x_wconf 91' lang='lat' dir='ltr'>et</span> <span class='ocrx_word' id='word_1_176' title='bbox 466 2275 688 2331; x_wconf 84' lang='lat' dir='ltr'>Karlomannua‘.</span> <span class='ocrx_word' id='word_1_177' title='bbox 718 2275 814 2342; x_wconf 88' lang='lat' dir='ltr'>Neque</span> <span class='ocrx_word' id='word_1_178' title='bbox 833 2275 905 2328; x_wconf 91' lang='lat' dir='ltr'>enim</span> <span class='ocrx_word' id='word_1_179' title='bbox 924 2275 1051 2342; x_wconf 91' lang='lat' dir='ltr'>cuiquam</span> <span class='ocrx_word' id='word_1_180' title='bbox 1069 2291 1170 2329; x_wconf 90' lang='lat' dir='ltr'>nomen</span> <span class='ocrx_word' id='word_1_181' title='bbox 1187 2293 1266 2329; x_wconf 91' lang='lat' dir='ltr'>suum</span> 
     </span>
     <span class='ocr_line' id='line_1_24' title="bbox 312 2345 1266 2416; baseline 0.002 -18"><span class='ocrx_word' id='word_1_182' title='bbox 312 2345 479 2414; x_wconf 88' lang='lat' dir='ltr'>prodiderat,</span> <span class='ocrx_word' id='word_1_183' title='bbox 507 2365 542 2400; x_wconf 83' lang='lat' dir='ltr'>ne</span> <span class='ocrx_word' id='word_1_184' title='bbox 568 2364 601 2400; x_wconf 89' lang='lat' dir='ltr'>ex</span> <span class='ocrx_word' id='word_1_185' title='bbox 626 2346 759 2400; x_wconf 91' lang='lat' dir='ltr'>vocabulo</span> <span class='ocrx_word' id='word_1_186' title='bbox 785 2350 983 2416; x_wconf 73' lang='lat' dir='ltr'>agnosceretur.</span> <span class='ocrx_word' id='word_1_187' title='bbox 1021 2345 1125 2400; x_wconf 90' lang='lat' dir='ltr'>Rursus</span> <span class='ocrx_word' id='word_1_188' title='bbox 1150 2363 1212 2400; x_wconf 92' lang='lat' dir='ltr'>cum</span> <span class='ocrx_word' id='word_1_189' title='bbox 1238 2347 1266 2400; x_wconf 91' lang='lat' dir='ltr'>in</span> 
     </span>
     <span class='ocr_line' id='line_1_25' title="bbox 312 2416 1265 2485; baseline 0.002 -15"><span class='ocrx_word' id='word_1_190' title='bbox 312 2418 475 2485; x_wconf 87' lang='lat' dir='ltr'>quibusdam</span> <span class='ocrx_word' id='word_1_191' title='bbox 503 2417 612 2472; x_wconf 89' lang='lat' dir='ltr'>cibariis</span> <span class='ocrx_word' id='word_1_192' title='bbox 639 2416 858 2470; x_wconf 89' lang='lat' dir='ltr'>administrandis</span> <span class='ocrx_word' id='word_1_193' title='bbox 885 2421 1007 2483; x_wconf 88' lang='lat' dir='ltr'>errasset,</span> <span class='ocrx_word' id='word_1_194' title='bbox 1035 2417 1135 2471; x_wconf 87' lang='lat' dir='ltr'>iterum</span> <span class='ocrx_word' id='word_1_195' title='bbox 1161 2435 1177 2471; x_wconf 90' lang='lat' dir='ltr'>a</span> <span class='ocrx_word' id='word_1_196' title='bbox 1200 2435 1265 2472; x_wconf 93' lang='lat' dir='ltr'>coco</span> 
     </span>
     <span class='ocr_line' id='line_1_26' title="bbox 311 2488 1266 2557; baseline 0.001 -15"><span class='ocrx_word' id='word_1_197' title='bbox 311 2505 455 2556; x_wconf 89' lang='lat' dir='ltr'>percussus</span> <span class='ocrx_word' id='word_1_198' title='bbox 473 2493 522 2544; x_wconf 86' lang='lat' dir='ltr'>est.</span> <span class='ocrx_word' id='word_1_199' title='bbox 553 2488 604 2542; x_wconf 86' lang='lat' dir='ltr'>Oui</span> <span class='ocrx_word' id='word_1_200' title='bbox 617 2488 712 2542; x_wconf 91' lang='lat' dir='ltr'>eadem</span> <span class='ocrx_word' id='word_1_201' title='bbox 724 2505 777 2555; x_wconf 92' lang='lat' dir='ltr'>que</span> <span class='ocrx_word' id='word_1_202' title='bbox 796 2505 877 2556; x_wconf 87' lang='lat' dir='ltr'>supra</span> <span class='ocrx_word' id='word_1_203' title='bbox 895 2489 1051 2557; x_wconf 89' lang='lat' dir='ltr'>inprecatus</span> <span class='ocrx_word' id='word_1_204' title='bbox 1069 2493 1117 2543; x_wconf 91' lang='lat' dir='ltr'>est.</span> <span class='ocrx_word' id='word_1_205' title='bbox 1147 2488 1185 2542; x_wconf 83' lang='lat' dir='ltr'>Et</span> <span class='ocrx_word' id='word_1_206' title='bbox 1203 2507 1266 2543; x_wconf 91' lang='lat' dir='ltr'>cum</span> 
     </span>
     <span class='ocr_line' id='line_1_27' title="bbox 312 2559 1266 2629; baseline 0.002 -17"><span class='ocrx_word' id='word_1_207' title='bbox 312 2559 398 2614; x_wconf 88' lang='lat' dir='ltr'>tercio</span> <span class='ocrx_word' id='word_1_208' title='bbox 417 2577 433 2612; x_wconf 94' lang='lat' dir='ltr'>a</span> <span class='ocrx_word' id='word_1_209' title='bbox 452 2576 518 2613; x_wconf 92' lang='lat' dir='ltr'>coco</span> <span class='ocrx_word' id='word_1_210' title='bbox 537 2559 684 2613; x_wconf 89' lang='lat' dir='ltr'>crudeliter</span> <span class='ocrx_word' id='word_1_211' title='bbox 702 2559 853 2627; x_wconf 89' lang='lat' dir='ltr'>cederetur,</span> <span class='ocrx_word' id='word_1_212' title='bbox 877 2559 1034 2629; x_wconf 88' lang='lat' dir='ltr'>indignatus</span> <span class='ocrx_word' id='word_1_213' title='bbox 1052 2560 1098 2614; x_wconf 91' lang='lat' dir='ltr'>ille</span> <span class='ocrx_word' id='word_1_214' title='bbox 1116 2576 1207 2614; x_wconf 88' lang='lat' dir='ltr'>comes</span> <span class='ocrx_word' id='word_1_215' title='bbox 1226 2562 1266 2614; x_wconf 91' lang='lat' dir='ltr'>in-</span> 
     </span>
     <span class='ocr_line' id='line_1_28' title="bbox 313 2630 1265 2700; baseline 0.001 -18"><span class='ocrx_word' id='word_1_216' title='bbox 313 2630 438 2684; x_wconf 88' lang='lat' dir='ltr'>dividuus</span> <span class='ocrx_word' id='word_1_217' title='bbox 466 2648 513 2684; x_wconf 92' lang='lat' dir='ltr'>sue</span> <span class='ocrx_word' id='word_1_218' title='bbox 540 2630 776 2700; x_wconf 84' lang='lat' dir='ltr'>peregrinationis,</span> <span class='ocrx_word' id='word_1_219' title='bbox 805 2630 878 2698; x_wconf 92' lang='lat' dir='ltr'>quod</span> <span class='ocrx_word' id='word_1_220' title='bbox 905 2635 997 2684; x_wconf 88' lang='lat' dir='ltr'>tantus</span> <span class='ocrx_word' id='word_1_221' title='bbox 1024 2631 1066 2685; x_wconf 88' lang='lat' dir='ltr'>vir</span> <span class='ocrx_word' id='word_1_222' title='bbox 1093 2648 1109 2684; x_wconf 90' lang='lat' dir='ltr'>a</span> <span class='ocrx_word' id='word_1_223' title='bbox 1136 2637 1193 2685; x_wconf 90' lang='lat' dir='ltr'>tam</span> <span class='ocrx_word' id='word_1_224' title='bbox 1218 2632 1265 2685; x_wconf 90' lang='lat' dir='ltr'>vili</span> 
     </span>
     <span class='ocr_line' id='line_1_29' title="bbox 311 2701 1266 2771; baseline 0.002 -16"><span class='ocrx_word' id='word_1_225' title='bbox 311 2706 504 2770; x_wconf 90' lang='lat' dir='ltr'>personatam</span> <span class='ocrx_word' id='word_1_226' title='bbox 523 2701 719 2755; x_wconf 89' lang='lat' dir='ltr'>contumeliose</span> <span class='ocrx_word' id='word_1_227' title='bbox 738 2701 902 2771; x_wconf 87' lang='lat' dir='ltr'>afficeretur,</span> <span class='ocrx_word' id='word_1_228' title='bbox 928 2702 983 2755; x_wconf 91' lang='lat' dir='ltr'>iam</span> <span class='ocrx_word' id='word_1_229' title='bbox 1009 2701 1081 2757; x_wconf 88' lang='lat' dir='ltr'>ferre</span> <span class='ocrx_word' id='word_1_230' title='bbox 1099 2719 1155 2756; x_wconf 90' lang='lat' dir='ltr'>non</span> <span class='ocrx_word' id='word_1_231' title='bbox 1173 2704 1266 2757; x_wconf 83' lang='lat' dir='ltr'>valens</span> 
     </span>
     <span class='ocr_line' id='line_1_30' title="bbox 312 2772 1265 2843; baseline 0.002 -18"><span class='ocrx_word' id='word_1_232' title='bbox 312 2773 426 2841; x_wconf 90' lang='lat' dir='ltr'>arripuit</span> <span class='ocrx_word' id='word_1_233' title='bbox 445 2773 539 2843; x_wconf 80' lang='lat' dir='ltr'>pilum,</span> <span class='ocrx_word' id='word_1_234' title='bbox 566 2772 638 2826; x_wconf 92' lang='lat' dir='ltr'>unde</span> <span class='ocrx_word' id='word_1_235' title='bbox 656 2772 734 2840; x_wconf 91' lang='lat' dir='ltr'>panis</span> <span class='ocrx_word' id='word_1_236' title='bbox 760 2773 788 2826; x_wconf 94' lang='lat' dir='ltr'>in</span> <span class='ocrx_word' id='word_1_237' title='bbox 807 2774 881 2827; x_wconf 90' lang='lat' dir='ltr'>olera</span> <span class='ocrx_word' id='word_1_238' title='bbox 900 2775 1016 2827; x_wconf 87' lang='lat' dir='ltr'>fratrum</span> <span class='ocrx_word' id='word_1_239' title='bbox 1035 2773 1184 2828; x_wconf 88' lang='lat' dir='ltr'>mittendus</span> <span class='ocrx_word' id='word_1_240' title='bbox 1202 2791 1265 2827; x_wconf 91' lang='lat' dir='ltr'>con·</span> 
     </span>
     <span class='ocr_line' id='line_1_31' title="bbox 311 2844 1266 2913; baseline 0.003 -18"><span class='ocrx_word' id='word_1_241' title='bbox 311 2844 460 2912; x_wconf 87' lang='lat' dir='ltr'>terebatur,</span> <span class='ocrx_word' id='word_1_242' title='bbox 485 2848 513 2897; x_wconf 89' lang='lat' dir='ltr'>et</span> <span class='ocrx_word' id='word_1_243' title='bbox 538 2860 601 2897; x_wconf 90' lang='lat' dir='ltr'>eum</span> <span class='ocrx_word' id='word_1_244' title='bbox 626 2844 701 2896; x_wconf 90' lang='lat' dir='ltr'>omni</span> <span class='ocrx_word' id='word_1_245' title='bbox 727 2844 822 2897; x_wconf 91' lang='lat' dir='ltr'>annisu</span> <span class='ocrx_word' id='word_1_246' title='bbox 839 2846 973 2913; x_wconf 91' lang='lat' dir='ltr'>percussit</span> <span class='ocrx_word' id='word_1_247' title='bbox 990 2844 1097 2899; x_wconf 89' lang='lat' dir='ltr'>dicens:</span> <span class='ocrx_word' id='word_1_248' title='bbox 1124 2844 1190 2898; x_wconf 86' lang='lat' dir='ltr'>‘Nec</span> <span class='ocrx_word' id='word_1_249' title='bbox 1215 2844 1266 2898; x_wconf 90' lang='lat' dir='ltr'>tibi</span> 
     </span>
     <span class='ocr_line' id='line_1_32' title="bbox 311 2914 1265 2985; baseline 0.003 -18"><span class='ocrx_word' id='word_1_250' title='bbox 311 2914 383 2969; x_wconf 86' lang='lat' dir='ltr'>Deus</span> <span class='ocrx_word' id='word_1_251' title='bbox 410 2919 512 2985; x_wconf 88' lang='lat' dir='ltr'>parcat,</span> <span class='ocrx_word' id='word_1_252' title='bbox 540 2932 616 2968; x_wconf 82' lang='lat' dir='ltr'>serve</span> <span class='ocrx_word' id='word_1_253' title='bbox 644 2932 770 2982; x_wconf 87' lang='lat' dir='ltr'>nequam,</span> <span class='ocrx_word' id='word_1_254' title='bbox 800 2932 850 2969; x_wconf 90' lang='lat' dir='ltr'>nec</span> <span class='ocrx_word' id='word_1_255' title='bbox 877 2915 1081 2969; x_wconf 88' lang='lat' dir='ltr'>Ksrlomannus</span> <span class='ocrx_word' id='word_1_256' title='bbox 1107 2915 1265 2985; x_wconf 83' lang='lat' dir='ltr'>indulgeat&#39;.</span> 
     </span>
     <span class='ocr_line' id='line_1_33' title="bbox 311 2985 1265 3055; baseline 0.001 -16"><span class='ocrx_word' id='word_1_257' title='bbox 311 2985 421 3040; x_wconf 79' lang='lat' dir='ltr'>Fratres</span> <span class='ocrx_word' id='word_1_258' title='bbox 446 2987 497 3040; x_wconf 93' lang='lat' dir='ltr'>hoc</span> <span class='ocrx_word' id='word_1_259' title='bbox 516 2986 609 3039; x_wconf 87' lang='lat' dir='ltr'>audito</span> <span class='ocrx_word' id='word_1_260' title='bbox 635 2986 718 3039; x_wconf 76' lang='lat' dir='ltr'>felleo</span> <span class='ocrx_word' id='word_1_261' title='bbox 743 2987 874 3039; x_wconf 87' lang='lat' dir='ltr'>commoti</span> <span class='ocrx_word' id='word_1_262' title='bbox 898 2992 968 3053; x_wconf 82' lang='lat' dir='ltr'>suut,</span> <span class='ocrx_word' id='word_1_263' title='bbox 995 2987 1067 3055; x_wconf 91' lang='lat' dir='ltr'>quod</span> <span class='ocrx_word' id='word_1_264' title='bbox 1093 2987 1175 3040; x_wconf 93' lang='lat' dir='ltr'>homo</span> <span class='ocrx_word' id='word_1_265' title='bbox 1202 2986 1265 3040; x_wconf 88' lang='lat' dir='ltr'>alie·</span> 
     </span>
     <span class='ocr_line' id='line_1_34' title="bbox 311 3056 1264 3128; baseline 0.003 -19"><span class='ocrx_word' id='word_1_266' title='bbox 311 3058 410 3128; x_wconf 87' lang='lat' dir='ltr'>nigena</span> <span class='ocrx_word' id='word_1_267' title='bbox 429 3062 456 3110; x_wconf 88' lang='lat' dir='ltr'>et</span> <span class='ocrx_word' id='word_1_268' title='bbox 467 3074 518 3125; x_wconf 92' lang='lat' dir='ltr'>pro</span> <span class='ocrx_word' id='word_1_269' title='bbox 534 3056 721 3111; x_wconf 90' lang='lat' dir='ltr'>misericordia</span> <span class='ocrx_word' id='word_1_270' title='bbox 733 3061 859 3126; x_wconf 90' lang='lat' dir='ltr'>receptus</span> <span class='ocrx_word' id='word_1_271' title='bbox 870 3058 935 3110; x_wconf 88' lang='lat' dir='ltr'>talia</span> <span class='ocrx_word' id='word_1_272' title='bbox 947 3057 1038 3111; x_wconf 90' lang='lat' dir='ltr'>facere</span> <span class='ocrx_word' id='word_1_273' title='bbox 1050 3058 1264 3126; x_wconf 88' lang='lat' dir='ltr'>presumpsisset.</span> 
     </span>
     <span class='ocr_line' id='line_1_35' title="bbox 309 3127 1265 3199; baseline 0.003 -19"><span class='ocrx_word' id='word_1_274' title='bbox 309 3127 438 3181; x_wconf 92' lang='lat' dir='ltr'>Protinus</span> <span class='ocrx_word' id='word_1_275' title='bbox 456 3129 548 3196; x_wconf 87' lang='lat' dir='ltr'>itaque</span> <span class='ocrx_word' id='word_1_276' title='bbox 571 3127 692 3182; x_wconf 89' lang='lat' dir='ltr'>custodie</span> <span class='ocrx_word' id='word_1_277' title='bbox 718 3128 897 3199; x_wconf 90' lang='lat' dir='ltr'>mancipatur,</span> <span class='ocrx_word' id='word_1_278' title='bbox 925 3133 955 3181; x_wconf 91' lang='lat' dir='ltr'>ut</span> <span class='ocrx_word' id='word_1_279' title='bbox 983 3128 1027 3182; x_wconf 92' lang='lat' dir='ltr'>die</span> <span class='ocrx_word' id='word_1_280' title='bbox 1054 3128 1178 3196; x_wconf 85' lang='lat' dir='ltr'>sequenti</span> <span class='ocrx_word' id='word_1_281' title='bbox 1205 3129 1265 3183; x_wconf 88' lang='lat' dir='ltr'>talis</span> 
     </span>
     <span class='ocr_line' id='line_1_36' title="bbox 310 3198 1266 3270; baseline 0.002 -18"><span class='ocrx_word' id='word_1_282' title='bbox 310 3201 478 3268; x_wconf 89' lang='lat' dir='ltr'>presumptio</span> <span class='ocrx_word' id='word_1_283' title='bbox 505 3199 593 3253; x_wconf 87' lang='lat' dir='ltr'>acrius</span> <span class='ocrx_word' id='word_1_284' title='bbox 620 3198 812 3254; x_wconf 83' lang='lat' dir='ltr'>vindicaretur.</span> <span class='ocrx_word' id='word_1_285' title='bbox 852 3198 888 3251; x_wconf 91' lang='lat' dir='ltr'>In</span> <span class='ocrx_word' id='word_1_286' title='bbox 915 3200 1063 3253; x_wconf 90' lang='lat' dir='ltr'>crastinum</span> <span class='ocrx_word' id='word_1_287' title='bbox 1090 3217 1175 3254; x_wconf 87' lang='lat' dir='ltr'>vero</span> <span class='ocrx_word' id='word_1_288' title='bbox 1201 3217 1266 3270; x_wconf 92' lang='lat' dir='ltr'>pro·</span> 
     </span>
     <span class='ocr_line' id='line_1_37' title="bbox 311 3270 1265 3327; baseline 0.002 -4"><span class='ocrx_word' id='word_1_289' title='bbox 311 3270 407 3324; x_wconf 90' lang='lat' dir='ltr'>ductus</span> <span class='ocrx_word' id='word_1_290' title='bbox 425 3271 459 3323; x_wconf 92' lang='lat' dir='ltr'>de</span> <span class='ocrx_word' id='word_1_291' title='bbox 478 3271 601 3324; x_wconf 90' lang='lat' dir='ltr'>custodia</span> <span class='ocrx_word' id='word_1_292' title='bbox 619 3271 646 3322; x_wconf 93' lang='lat' dir='ltr'>in</span> <span class='ocrx_word' id='word_1_293' title='bbox 665 3270 757 3323; x_wconf 91' lang='lat' dir='ltr'>medio</span> <span class='ocrx_word' id='word_1_294' title='bbox 773 3273 909 3323; x_wconf 90' lang='lat' dir='ltr'>conventu</span> <span class='ocrx_word' id='word_1_295' title='bbox 927 3270 1037 3327; x_wconf 88' lang='lat' dir='ltr'>sistitur.</span> <span class='ocrx_word' id='word_1_296' title='bbox 1067 3271 1265 3326; x_wconf 90' lang='lat' dir='ltr'>Percunctatus</span> 
     </span>
     <span class='ocr_line' id='line_1_38' title="bbox 309 3339 1262 3411; baseline 0 -17"><span class='ocrx_word' id='word_1_297' title='bbox 309 3345 428 3394; x_wconf 87' lang='lat' dir='ltr'>autem</span> <span class='ocrx_word' id='word_1_298' title='bbox 453 3339 539 3411; x_wconf 76' lang='lat' dir='ltr'>virs,</span> <span class='ocrx_word' id='word_1_299' title='bbox 566 3357 614 3394; x_wconf 94' lang='lat' dir='ltr'>cur</span> <span class='ocrx_word' id='word_1_300' title='bbox 639 3357 735 3394; x_wconf 90' lang='lat' dir='ltr'>manus</span> <span class='ocrx_word' id='word_1_301' title='bbox 761 3340 907 3395; x_wconf 81' lang='lat' dir='ltr'>extendere</span> <span class='ocrx_word' id='word_1_302' title='bbox 930 3341 958 3394; x_wconf 92' lang='lat' dir='ltr'>in</span> <span class='ocrx_word' id='word_1_303' title='bbox 977 3341 1093 3396; x_wconf 89' lang='lat' dir='ltr'>fratrum</span> <span class='ocrx_word' id='word_1_304' title='bbox 1111 3342 1262 3397; x_wconf 74' lang='lat' dir='ltr'>ministriss</span> 
     </span>
     <span class='ocr_line' id='line_1_39' title="bbox 310 3410 1265 3484; baseline 0.004 -20"><span class='ocrx_word' id='word_1_305' title='bbox 310 3429 390 3466; x_wconf 90' lang='lat' dir='ltr'>ausus</span> <span class='ocrx_word' id='word_1_306' title='bbox 415 3412 517 3481; x_wconf 89' lang='lat' dir='ltr'>fuisset,</span> <span class='ocrx_word' id='word_1_307' title='bbox 542 3411 699 3480; x_wconf 87' lang='lat' dir='ltr'>respondit:</span> <span class='ocrx_word' id='word_1_308' title='bbox 725 3410 822 3481; x_wconf 77' lang='lat' dir='ltr'>‘Quia’,</span> <span class='ocrx_word' id='word_1_309' title='bbox 847 3411 973 3484; x_wconf 87' lang='lat' dir='ltr'>inquidh,</span> <span class='ocrx_word' id='word_1_310' title='bbox 1000 3413 1064 3467; x_wconf 86' lang='lat' dir='ltr'>‘vidi</span> <span class='ocrx_word' id='word_1_311' title='bbox 1088 3431 1196 3468; x_wconf 88' lang='lat' dir='ltr'>servum</span> <span class='ocrx_word' id='word_1_312' title='bbox 1219 3432 1265 3468; x_wconf 92' lang='lat' dir='ltr'>ne·</span> 
     </span>
     <span class='ocr_line' id='line_1_40' title="bbox 310 3482 1264 3554; baseline 0.002 -18"><span class='ocrx_word' id='word_1_313' title='bbox 310 3485 433 3552; x_wconf 91' lang='lat' dir='ltr'>quiorem</span> <span class='ocrx_word' id='word_1_314' title='bbox 459 3483 585 3537; x_wconf 90' lang='lat' dir='ltr'>omnibus</span> <span class='ocrx_word' id='word_1_315' title='bbox 610 3482 699 3535; x_wconf 90' lang='lat' dir='ltr'>virum</span> <span class='ocrx_word' id='word_1_316' title='bbox 725 3483 868 3536; x_wconf 91' lang='lat' dir='ltr'>meliorem</span> <span class='ocrx_word' id='word_1_317' title='bbox 893 3490 921 3537; x_wconf 90' lang='lat' dir='ltr'>et</span> <span class='ocrx_word' id='word_1_318' title='bbox 945 3484 1108 3538; x_wconf 89' lang='lat' dir='ltr'>nobiliorem</span> <span class='ocrx_word' id='word_1_319' title='bbox 1134 3486 1264 3554; x_wconf 86' lang='lat' dir='ltr'>omnium,</span> 
     </span>
     <span class='ocr_line' id='line_1_41' title="bbox 311 3553 1264 3623; baseline 0.001 -16"><span class='ocrx_word' id='word_1_320' title='bbox 311 3572 377 3622; x_wconf 89' lang='lat' dir='ltr'>quos</span> <span class='ocrx_word' id='word_1_321' title='bbox 396 3556 517 3608; x_wconf 90' lang='lat' dir='ltr'>interra</span> <span class='ocrx_word' id='word_1_322' title='bbox 536 3553 689 3608; x_wconf 85' lang='lat' dir='ltr'>conversari</span> <span class='ocrx_word' id='word_1_323' title='bbox 708 3553 773 3621; x_wconf 90' lang='lat' dir='ltr'>scio,</span> <span class='ocrx_word' id='word_1_324' title='bbox 791 3571 847 3607; x_wconf 90' lang='lat' dir='ltr'>non</span> <span class='ocrx_word' id='word_1_325' title='bbox 865 3556 954 3608; x_wconf 89' lang='lat' dir='ltr'>solum</span> <span class='ocrx_word' id='word_1_326' title='bbox 972 3555 1063 3609; x_wconf 89' lang='lat' dir='ltr'>verbis</span> <span class='ocrx_word' id='word_1_327' title='bbox 1082 3555 1264 3623; x_wconf 88' lang='lat' dir='ltr'>dehonestari,</span> 
     </span>
     <span class='ocr_line' id='line_1_42' title="bbox 310 3623 1265 3709; baseline 0.002 -31"><span class='ocrx_word' id='word_1_328' title='bbox 310 3624 455 3680; x_wconf 88' lang='lat' dir='ltr'>sedetiam</span> <span class='ocrx_word' id='word_1_329' title='bbox 473 3625 561 3696; x_wconf 88' lang='lat' dir='ltr'>plagis</span> <span class='ocrx_word' id='word_1_330' title='bbox 580 3624 670 3680; x_wconf 88' lang='lat' dir='ltr'>affici’.</span> <span class='ocrx_word' id='word_1_331' title='bbox 702 3623 807 3678; x_wconf 84' lang='lat' dir='ltr'>Furore</span> <span class='ocrx_word' id='word_1_332' title='bbox 825 3642 910 3679; x_wconf 90' lang='lat' dir='ltr'>vero</span> <span class='ocrx_word' id='word_1_333' title='bbox 929 3627 1013 3680; x_wconf 93' lang='lat' dir='ltr'>nimio</span> <span class='ocrx_word' id='word_1_334' title='bbox 1033 3627 1172 3709; x_wconf 87' lang='lat' dir='ltr'>exagitati,</span> <span class='ocrx_word' id='word_1_335' title='bbox 1192 3627 1265 3696; x_wconf 89' lang='lat' dir='ltr'>quod</span> 
     </span>
     <span class='ocr_line' id='line_1_43' title="bbox 310 3695 1264 3769; baseline 0.001 -19"><span class='ocrx_word' id='word_1_336' title='bbox 310 3713 381 3764; x_wconf 88' lang='lat' dir='ltr'>eum,</span> <span class='ocrx_word' id='word_1_337' title='bbox 400 3698 446 3764; x_wconf 92' lang='lat' dir='ltr'>qui</span> <span class='ocrx_word' id='word_1_338' title='bbox 465 3697 624 3766; x_wconf 82' lang='lat' dir='ltr'>peregrinus</span> <span class='ocrx_word' id='word_1_339' title='bbox 642 3699 762 3765; x_wconf 89' lang='lat' dir='ltr'>venerat,</span> <span class='ocrx_word' id='word_1_340' title='bbox 788 3695 884 3749; x_wconf 90' lang='lat' dir='ltr'>ceteris</span> <span class='ocrx_word' id='word_1_341' title='bbox 902 3698 1066 3769; x_wconf 89' lang='lat' dir='ltr'>pretulisset,</span> <span class='ocrx_word' id='word_1_342' title='bbox 1085 3701 1264 3767; x_wconf 87' lang='lat' dir='ltr'>mterrogant,</span> 
     </span>
     <span class='ocr_line' id='line_1_44' title="bbox 309 3767 1265 3838; baseline 0.002 -18"><span class='ocrx_word' id='word_1_343' title='bbox 309 3768 368 3835; x_wconf 90' lang='lat' dir='ltr'>quis</span> <span class='ocrx_word' id='word_1_344' title='bbox 387 3774 457 3821; x_wconf 90' lang='lat' dir='ltr'>esset</span> <span class='ocrx_word' id='word_1_345' title='bbox 475 3769 530 3835; x_wconf 90' lang='lat' dir='ltr'>ille,</span> <span class='ocrx_word' id='word_1_346' title='bbox 549 3768 595 3837; x_wconf 92' lang='lat' dir='ltr'>qui</span> <span class='ocrx_word' id='word_1_347' title='bbox 612 3768 736 3822; x_wconf 92' lang='lat' dir='ltr'>bonitate</span> <span class='ocrx_word' id='word_1_348' title='bbox 755 3770 783 3821; x_wconf 90' lang='lat' dir='ltr'>et</span> <span class='ocrx_word' id='word_1_349' title='bbox 800 3767 944 3821; x_wconf 87' lang='lat' dir='ltr'>nobilitate</span> <span class='ocrx_word' id='word_1_350' title='bbox 961 3785 1054 3822; x_wconf 90' lang='lat' dir='ltr'>omnes</span> <span class='ocrx_word' id='word_1_351' title='bbox 1072 3769 1197 3838; x_wconf 86' lang='lat' dir='ltr'>anteiret,</span> <span class='ocrx_word' id='word_1_352' title='bbox 1217 3786 1265 3823; x_wconf 91' lang='lat' dir='ltr'>cur</span> 
     </span>
     <span class='ocr_line' id='line_1_45' title="bbox 309 3838 1262 3908; baseline 0.004 -19"><span class='ocrx_word' id='word_1_353' title='bbox 309 3840 406 3893; x_wconf 88' lang='lat' dir='ltr'>saltem</span> <span class='ocrx_word' id='word_1_354' title='bbox 430 3843 538 3907; x_wconf 90' lang='lat' dir='ltr'>patrem</span> <span class='ocrx_word' id='word_1_355' title='bbox 564 3838 721 3892; x_wconf 90' lang='lat' dir='ltr'>monasterii</span> <span class='ocrx_word' id='word_1_356' title='bbox 745 3855 801 3890; x_wconf 93' lang='lat' dir='ltr'>non</span> <span class='ocrx_word' id='word_1_357' title='bbox 827 3840 984 3908; x_wconf 86' lang='lat' dir='ltr'>excepisset.</span> <span class='ocrx_word' id='word_1_358' title='bbox 1027 3839 1080 3893; x_wconf 93' lang='lat' dir='ltr'>Ille</span> <span class='ocrx_word' id='word_1_359' title='bbox 1105 3856 1190 3893; x_wconf 90' lang='lat' dir='ltr'>vero</span> <span class='ocrx_word' id='word_1_360' title='bbox 1215 3856 1262 3893; x_wconf 91' lang='lat' dir='ltr'>ne-</span> 
     </span>
    </p>
   </div>
   <div class='ocr_carea' id='block_1_4' title="bbox 105 4031 1264 4297">
    <p class='ocr_par' dir='ltr' id='par_1_4' title="bbox 105 4031 1264 4297">
     <span class='ocr_line' id='line_1_46' title="bbox 105 4031 1263 4091; baseline 0.005 -21"><span class='ocrx_word' id='word_1_361' title='bbox 105 4031 131 4070; x_wconf 76' lang='lat' dir='ltr'>lo</span> <span class='ocrx_word' id='word_1_362' title='bbox 149 4033 170 4078; x_wconf 84' lang='lat' dir='ltr'>a)</span> <span class='ocrx_word' id='word_1_363' title='bbox 191 4032 264 4080; x_wconf 85' lang='lat' dir='ltr'>patrie</span> <span class='ocrx_word' id='word_1_364' title='bbox 278 4044 342 4070; x_wconf 65' lang='lat' dir='ltr'>nnana</span> <span class='ocrx_word' id='word_1_365' title='bbox 356 4035 481 4072; x_wconf 80' lang='lat' dir='ltr'>correctoris</span> <span class='ocrx_word' id='word_1_366' title='bbox 495 4038 570 4072; x_wconf 67' lang='lat' dir='ltr'>mactas.</span> <span class='ocrx_word' id='word_1_367' title='bbox 585 4033 608 4071; x_wconf 72' lang='lat' dir='ltr'>in</span> <span class='ocrx_word' id='word_1_368' title='bbox 622 4034 695 4091; x_wconf 69' lang='lat' dir='ltr'>patrle</span> <span class='ocrx_word' id='word_1_369' title='bbox 715 4034 763 4076; x_wconf 89' lang='lat' dir='ltr'>Bl.</span> <span class='ocrx_word' id='word_1_370' title='bbox 844 4034 866 4085; x_wconf 92' lang='lat' dir='ltr'>b)</span> <span class='ocrx_word' id='word_1_371' title='bbox 887 4035 918 4073; x_wconf 72' lang='lat' dir='ltr'>ita</span> <span class='ocrx_word' id='word_1_372' title='bbox 937 4036 990 4084; x_wconf 75' lang='lat'>1313</span> <span class='ocrx_word' id='word_1_373' title='bbox 1010 4036 1097 4083; x_wconf 77' lang='lat' dir='ltr'>lgnotae</span> <span class='ocrx_word' id='word_1_374' title='bbox 1116 4035 1169 4082; x_wconf 66' lang='lat' dir='ltr'>aas.</span> <span class='ocrx_word' id='word_1_375' title='bbox 1184 4035 1222 4075; x_wconf 71' lang='lat' dir='ltr'>Cla.</span> <span class='ocrx_word' id='word_1_376' title='bbox 1237 4036 1263 4077; x_wconf 86' lang='lat' dir='ltr'>P.</span> 
     </span>
     <span class='ocr_line' id='line_1_47' title="bbox 149 4085 1264 4136; baseline 0.005 -13"><span class='ocrx_word' id='word_1_377' title='bbox 149 4085 169 4136; x_wconf 92' lang='lat' dir='ltr'>c)</span> <span class='ocrx_word' id='word_1_378' title='bbox 188 4085 220 4122; x_wconf 80' lang='grc' dir='ltr'>ιἰα</span> <span class='ocrx_word' id='word_1_379' title='bbox 234 4096 277 4132; x_wconf 81' lang='lat' dir='ltr'>pro</span> <span class='ocrx_word' id='word_1_380' title='bbox 296 4088 462 4127; x_wconf 84' lang='lat' dir='ltr'>conversionem</span> <span class='ocrx_word' id='word_1_381' title='bbox 477 4088 497 4125; x_wconf 88' lang='lat' dir='ltr'><em>B</em></span> <span class='ocrx_word' id='word_1_382' title='bbox 508 4090 526 4130; x_wconf 86' lang='lat'>1.</span> <span class='ocrx_word' id='word_1_383' title='bbox 541 4088 587 4135; x_wconf 67' lang='lat' dir='ltr'>Ch„</span> <span class='ocrx_word' id='word_1_384' title='bbox 607 4091 630 4125; x_wconf 77' lang='lat' dir='ltr'>ut</span> <span class='ocrx_word' id='word_1_385' title='bbox 648 4088 712 4125; x_wconf 73' lang='lat' dir='ltr'>etiam</span> <span class='ocrx_word' id='word_1_386' title='bbox 731 4087 798 4125; x_wconf 77' lang='lat' dir='ltr'>codex</span> <span class='ocrx_word' id='word_1_387' title='bbox 812 4087 929 4134; x_wconf 69' lang='lat' dir='ltr'>Reginonls</span> <span class='ocrx_word' id='word_1_388' title='bbox 942 4089 983 4128; x_wconf 73' lang='lat' dir='ltr'>Bt</span> <span class='ocrx_word' id='word_1_389' title='bbox 1002 4089 1077 4134; x_wconf 60' lang='lat' dir='ltr'>haben</span> <span class='ocrx_word' id='word_1_390' title='bbox 1094 4089 1264 4129; x_wconf 84' lang='lat' dir='ltr'>conversionem</span> 
     </span>
     <span class='ocr_line' id='line_1_48' title="bbox 149 4138 1263 4191; baseline 0.007 -15"><span class='ocrx_word' id='word_1_391' title='bbox 149 4138 260 4186; x_wconf 70' lang='lat' dir='ltr'>legendum</span> <span class='ocrx_word' id='word_1_392' title='bbox 273 4148 317 4176; x_wconf 80' lang='lat' dir='ltr'>ease</span> <span class='ocrx_word' id='word_1_393' title='bbox 330 4142 440 4178; x_wconf 83' lang='lat' dir='ltr'>annotavit</span> <span class='ocrx_word' id='word_1_394' title='bbox 454 4141 479 4179; x_wconf 89' lang='lat' dir='ltr'>P.</span> <span class='ocrx_word' id='word_1_395' title='bbox 548 4141 570 4190; x_wconf 87' lang='lat' dir='ltr'>d)</span> <span class='ocrx_word' id='word_1_396' title='bbox 584 4141 669 4188; x_wconf 75' lang='lat' dir='ltr'>signum</span> <span class='ocrx_word' id='word_1_397' title='bbox 682 4140 858 4186; x_wconf 67' lang='lat' dir='ltr'>Interroauttonie</span> <span class='ocrx_word' id='word_1_398' title='bbox 871 4142 1007 4180; x_wconf 77' lang='lat' dir='ltr'>desideratur</span> <span class='ocrx_word' id='word_1_399' title='bbox 1020 4142 1066 4181; x_wconf 81' lang='lat'>131.</span> <span class='ocrx_word' id='word_1_400' title='bbox 1135 4142 1155 4191; x_wconf 88' lang='lat' dir='ltr'>a)</span> <span class='ocrx_word' id='word_1_401' title='bbox 1169 4142 1202 4179; x_wconf 76' lang='lat' dir='ltr'>ua</span> <span class='ocrx_word' id='word_1_402' title='bbox 1215 4142 1263 4184; x_wconf 81' lang='lat'>131.</span> 
     </span>
     <span class='ocr_line' id='line_1_49' title="bbox 148 4191 1264 4244; baseline 0.007 -16"><span class='ocrx_word' id='word_1_403' title='bbox 148 4192 216 4239; x_wconf 41' lang='lat' dir='ltr'>acac</span> <span class='ocrx_word' id='word_1_404' title='bbox 230 4191 295 4230; x_wconf 89' lang='lat' dir='ltr'>valde</span> <span class='ocrx_word' id='word_1_405' title='bbox 305 4203 421 4240; x_wconf 71' lang='lat' dir='ltr'>perperam</span> <span class='ocrx_word' id='word_1_406' title='bbox 435 4194 473 4234; x_wconf 76' lang='lat' dir='ltr'>Ch.</span> <span class='ocrx_word' id='word_1_407' title='bbox 489 4194 514 4232; x_wconf 82' lang='lat' dir='ltr'>P.</span> <span class='ocrx_word' id='word_1_408' title='bbox 570 4194 586 4243; x_wconf 84' lang='lat' dir='ltr'>l)</span> <span class='ocrx_word' id='word_1_409' title='bbox 602 4199 677 4232; x_wconf 86' lang='lat' dir='ltr'>autem</span> <span class='ocrx_word' id='word_1_410' title='bbox 690 4194 726 4231; x_wconf 86' lang='lat' dir='ltr'>ulr</span> <span class='ocrx_word' id='word_1_411' title='bbox 740 4192 856 4231; x_wconf 75' lang='lat' dir='ltr'>omiserunt</span> <span class='ocrx_word' id='word_1_412' title='bbox 872 4193 910 4233; x_wconf 74' lang='lat' dir='ltr'>Gla.</span> <span class='ocrx_word' id='word_1_413' title='bbox 921 4195 947 4234; x_wconf 85' lang='lat' dir='ltr'>P.</span> <span class='ocrx_word' id='word_1_414' title='bbox 1001 4197 1026 4244; x_wconf 80' lang='lat' dir='ltr'>g)</span> <span class='ocrx_word' id='word_1_415' title='bbox 1039 4195 1070 4232; x_wconf 77' lang='lat' dir='ltr'>ita</span> <span class='ocrx_word' id='word_1_416' title='bbox 1079 4204 1123 4244; x_wconf 76' lang='lat' dir='ltr'>pro</span> <span class='ocrx_word' id='word_1_417' title='bbox 1138 4194 1264 4236; x_wconf 84' lang='lat' dir='ltr'>mlnlstrum</span> 
     </span>
     <span class='ocr_line' id='line_1_50' title="bbox 148 4244 1080 4297; baseline 0.005 -15"><span class='ocrx_word' id='word_1_418' title='bbox 148 4244 195 4292; x_wconf 82' lang='lat'>131,</span> <span class='ocrx_word' id='word_1_419' title='bbox 211 4248 233 4281; x_wconf 80' lang='lat' dir='ltr'>ut</span> <span class='ocrx_word' id='word_1_420' title='bbox 248 4245 311 4282; x_wconf 79' lang='lat' dir='ltr'>etiam</span> <span class='ocrx_word' id='word_1_421' title='bbox 324 4246 390 4283; x_wconf 73' lang='lat' dir='ltr'>codex</span> <span class='ocrx_word' id='word_1_422' title='bbox 403 4247 520 4294; x_wconf 72' lang='lat' dir='ltr'>Reylnom‘s</span> <span class='ocrx_word' id='word_1_423' title='bbox 534 4246 572 4285; x_wconf 77' lang='lat' dir='ltr'>Ba</span> <span class='ocrx_word' id='word_1_424' title='bbox 587 4246 661 4294; x_wconf 80' lang='lat' dir='ltr'>habel,·</span> <span class='ocrx_word' id='word_1_425' title='bbox 675 4246 800 4284; x_wconf 86' lang='lat' dir='ltr'>ministrum</span> <span class='ocrx_word' id='word_1_426' title='bbox 815 4245 854 4284; x_wconf 76' lang='lat' dir='ltr'>Ob.</span> <span class='ocrx_word' id='word_1_427' title='bbox 869 4247 894 4285; x_wconf 88' lang='lat' dir='ltr'>P.</span> <span class='ocrx_word' id='word_1_428' title='bbox 950 4248 973 4297; x_wconf 84' lang='lat' dir='ltr'>h)</span> <span class='ocrx_word' id='word_1_429' title='bbox 988 4249 1019 4287; x_wconf 76' lang='lat' dir='ltr'>itu</span> <span class='ocrx_word' id='word_1_430' title='bbox 1033 4247 1080 4287; x_wconf 88' lang='lat' dir='ltr'>Bl.</span> 
     </span>
    </p>
   </div>
   <div class='ocr_carea' id='block_1_5' title="bbox 104 4419 1090 4495">
    <p class='ocr_par' dir='ltr' id='par_1_5' title="bbox 104 4419 1090 4495">
     <span class='ocr_line' id='line_1_51' title="bbox 104 4419 1090 4495; baseline 0.005 -21"><span class='ocrx_word' id='word_1_431' title='bbox 104 4433 130 4474; x_wconf 79' lang='lat' dir='ltr'>oo</span> <span class='ocrx_word' id='word_1_432' title='bbox 149 4419 175 4489; x_wconf 85' lang='lat'>1)</span> <span class='ocrx_word' id='word_1_433' title='bbox 196 4420 240 4484; x_wconf 80' lang='lat' dir='ltr'>Cf.</span> <span class='ocrx_word' id='word_1_434' title='bbox 257 4435 344 4486; x_wconf 79' lang='lat' dir='ltr'>supra</span> <span class='ocrx_word' id='word_1_435' title='bbox 362 4438 392 4486; x_wconf 83' lang='lat' dir='ltr'>p.</span> <span class='ocrx_word' id='word_1_436' title='bbox 412 4424 437 4488; x_wconf 89' lang='lat'>6,</span> <span class='ocrx_word' id='word_1_437' title='bbox 456 4424 474 4478; x_wconf 86' lang='lat' dir='ltr'>l.</span> <span class='ocrx_word' id='word_1_438' title='bbox 494 4425 525 4491; x_wconf 87' lang='lat'>5;</span> <span class='ocrx_word' id='word_1_439' title='bbox 549 4423 628 4486; x_wconf 77' lang='lat' dir='ltr'>infra</span> <span class='ocrx_word' id='word_1_440' title='bbox 651 4438 676 4476; x_wconf 88' lang='lat' dir='ltr'>c.</span> <span class='ocrx_word' id='word_1_441' title='bbox 693 4424 744 4478; x_wconf 78' lang='lat'>787</span> <span class='ocrx_word' id='word_1_442' title='bbox 765 4419 962 4492; x_wconf 87' lang='lat' dir='ltr'>(misericordia</span> <span class='ocrx_word' id='word_1_443' title='bbox 980 4425 1090 4495; x_wconf 88' lang='lat' dir='ltr'>motus).</span> 
     </span>
    </p>
   </div>
   <div class='ocr_carea' id='block_1_6' title="bbox 0 0 1486 4942">
    <p class='ocr_par' dir='ltr' id='par_1_6' title="bbox 0 0 1486 4942">
     <span class='ocr_line' id='line_1_52' title="bbox 0 0 1486 4942; baseline 0 1"><span class='ocrx_word' id='word_1_444' title='bbox 0 0 1486 4942; x_wconf 95' lang='lat' dir='ltr'> </span> 
     </span>
    </p>
   </div>
  </div>
 </body>
</html>
