2946 4942
335 338 516 394 ANNALES
534 338 759 394 METTENSES
778 339 950 397 Pmoans
983 341 1018 397 A.
1034 345 1095 400 830.
1240 349 1273 402 ci

150 527 324 600 fecerunt,
354 527 394 587 ut
417 523 509 607 patri
538 523 737 588 resisterent
767 528 951 606 suamque⁸
979 527 1169 608 coniugem,
1201 549 1273 610 pre·
1282 539 1343 592 830.

152 607 305 679 dictamb
315 613 437 676 Iudith
449 613 711 695 imperatricem,
725 605 776 676 eib
789 613 966 676 auferrent
977 616 1081 696 atque
1093 615 1273 680 minimum

152 703 266 766 filium
290 702 364 767 eius
390 701 659 784 opprimerent0.
712 702 768 764 Ad
798 703 889 784 quod
920 723 997 765 cum
1027 703 1131 766 turba
1162 703 1273 768 multa

153 793 400 856 convenerunt.
437 790 514 866 Sed,
532 792 572 852 ut
588 789 776 872 prefixum1
792 785 878 866 esti,
896 792 1092 855 antedictus
1104 792 1272 875 Pippinus

120 881 286 964 sprimo⁰
308 900 385 943 cum
410 879 595 942 antedictis
612 872 790 942 emulisf·2
805 880 923 943 veniti
941 883 976 943 et
995 873 1113 943 suam¹¹
1132 902 1271 945 uxorem

153 963 221 1043 eii,
248 969 331 1032 licet
355 972 475 1031 contra
498 967 609 1049 legem
635 970 670 1030 et
693 988 829 1031 omnem
846 964 1124 1045 auctoritatemk,
1150 991 1272 1034 memo·

152 1059 240 1121 ratis
257 1056 402 1121 emulis2
419 1056 681 1120 exhortantibus
698 1060 801 1138 atque
817 1052 1079 1135 fulcientibus¹,
1096 1060 1272 1141 ingeniose

153 1145 331 1210 dimittere
354 1145 473 1209 iecitm.
514 1143 609 1223 Quae
633 1145 670 1206 in
690 1144 927 1209 Pictavensem
952 1147 1071 1210 urbem
1097 1148 1273 1231 compulsa

153 1239 208 1299 est
231 1235 290 1310 ire,
315 1234 431 1316 ibique
454 1233 490 1295 in
515 1234 721 1298 monasterio
745 1238 884 1298 sanctae
901 1233 1019 1298 Crucis
1043 1239 1096 1299 est
1118 1240 1270 1314 retrusa;

108 1348 134 1386 ιο
152 1323 236 1388 ubi¹¹
264 1323 403 1386 domino
428 1327 546 1386 nostro
570 1323 650 1386 Iesu
675 1321 813 1386 Christo
837 1324 1086 1388 studiosissime
1109 1325 1272 1388 famulari

153 1413 211 1476 die
242 1416 436 1494 noctuque⁰
468 1412 612 1485 studuit,
644 1411 784 1474 Domini
816 1432 949 1494 quoquc
981 1413 1093 1476 denuo
1123 1415 1271 1496 gratiam

151 1501 242 1564 inibi
265 1500 452 1584 promereri
474 1500 635 1576 meruitp,
664 1503 767 1583 atque
790 1500 878 1563 inibi
901 1500 1050 1564 Domino
1074 1502 1271 1565 famulanti·

152 1591 219 1654 bus
241 1589 292 1652 ita
315 1589 450 1672 placere
474 1589 618 1665 valuitq,
643 1592 683 1652 ut
706 1609 824 1653 omnes
855 1589 886 1652 ei
915 1589 1102 1654 imitabiles
1132 1612 1168 1655 se
1199 1612 1271 1656 esse

152 1678 243 1742 velle
270 1678 579 1761 profiterenturri.
627 1678 773 1742 Demum
806 1679 916 1742 enims
945 1680 1060 1743 tenuit
1090 1678 1265 1763 prefatust

105 1790 132 1829 ιι
152 1767 341 1850 imperator
363 1767 531 1850 placitum
555 1787 655 1829 suum
685 1763 740 1829 int
771 1788 886 1832 mense
910 1765 1095 1832 Octobriou
1121 1770 1158 1831 in
1188 1770 1325 1834 villaco.

152 1855 358 1938 Niumagai.
407 1855 474 1918 Ubi
504 1860 540 1919 et
570 1856 735 1938 quosdam
766 1878 807 1921 ex
835 1857 915 1933 illis,
947 1857 1005 1939 qui
1036 1858 1068 1921 ei
1097 1859 1270 1941 predictas

154 1943 382 2008 contumelias
420 1945 594 2021 fecerunt,
634 1944 671 2006 in
706 1945 844 2009 exilium
882 1945 975 2007 misit
1010 1949 1113 2028 atque
1152 1967 1270 2010 eorum

153 2033 302 2097 honores
325 2033 471 2096 abstulit
480 2032 501 2096 5.
549 2033 591 2096 In
615 2033 734 2097 eodem
765 2053 845 2115 ergo
875 2033 1004 2117 placito
1034 2054 1095 2116 per
1125 2036 1270 2098 auctori-

152 2125 264 2185 tatem
302 2122 525 2204 apostolicam
564 2122 656 2185 siuev
694 2142 755 2205 per
792 2141 994 2186 consensum
1033 2123 1270 2205 episcoporum

103 2233 134 2272 ao
153 2210 409 2274 consideratum
433 2214 468 2274 et
492 2211 654 2274 canonice
679 2210 858 2274 definitum
883 2213 944 2285 est,
969 2213 1009 2272 ut
1036 2209 1263 2275 memoratust

153 2300 341 2382 imperator
364 2320 459 2361 suam
483 2300 652 2382 reciperet
667 2304 839 2362 uxoremw·
850 2298 871 2360 ⁶.
911 2297 979 2376 Qui
994 2299 1113 2362 statim
1129 2304 1270 2384 propter

153 2409 230 2452 eam
260 2387 444 2471 optimates
474 2392 573 2470 regni
602 2388 656 2452 sui
686 2388 796 2464 misit,
832 2392 872 2450 ut
902 2408 977 2452 eam
1008 2388 1195 2454 honorifice
1226 2391 1269 2453 ad

153 2482 212 2540 se¹
239 2477 460 2541 adducerent.
506 2477 631 2541 Postea
657 2497 737 2540 vero
761 2475 943 2539 Caroluml’
970 2476 1080 2539 filium
1111 2498 1211 2540 suum
1235 2483 1269 2543 et

153 2565 351 2648 Drogonem
386 2566 581 2649 episcopum
594 2565 613 2642 ⁷,
648 2565 792 2630 fratrem
826 2565 988 2629 videlicet
1024 2566 1154 2643 suum⁸,
1191 2588 1269 2630 cum

105 2674 134 2713 ιι»
153 2653 231 2716 aliis
258 2654 483 2737 optimatibus
514 2654 649 2717 obviam
680 2655 711 2718 ei
741 2654 845 2731 misit,
878 2653 936 2737 qui
967 2673 1042 2717 eam
1072 2655 1117 2718 ad
1140 2656 1269 2737 Aquas·

153 2743 253 2825 grani
286 2742 458 2826 palacium
492 2764 569 2806 cum
604 2764 729 2826 magno
759 2742 889 2807 honore
921 2743 1139 2807 deducerent.
1192 2743 1268 2808 Pre-

153 2986 174 3037 a)
189 2987 255 3034 eique
269 2998 332 3026 snam
346 2987 392 3027 Bi.
448 2986 471 3036 b)
485 2983 677 3035 predictam—ei
691 2987 792 3029 om.B1.
848 2986 1267 3037 c)atque-opprimerentom.B1.

153 3037 175 3089 d)
191 3038 508 3089 nequod-estom.131.
584 3039 604 3090 c)
619 3039 668 3086 Quo
682 3051 732 3078 cum
746 3040 842 3088 primum
855 3039 959 3088 pippinus
974 3039 1020 3080 Β1.
1098 3039 1115 3090 i)
1129 3040 1162 3078 sic
1175 3040 1226 3090 313
1242 3052 1269 3080 ac

153 3093 228 3131 multis
241 3093 289 3132 Ar.
357 3097 381 3142 g)
394 3093 495 3132 uenisset
508 3093 554 3133 Β1.
624 3092 647 3143 Ιι)
662 3097 684 3131 ct
698 3103 761 3131 suam
775 3103 816 3131 om.
832 3092 879 3134 Β1.
946 3091 962 3141 i)
977 3103 1018 3135 om,
1031 3092 1077 3134 Β1.
1145 3093 1169 3140 k)
1183 3095 1268 3133 autori·

109 3143 134 3182 30
154 3151 221 3184 tatem
236 3147 282 3189 Al.
349 3147 365 3194 1)
384 3152 406 3184 ct
421 3157 508 3185 omnem
522 3167 547 3174 -
561 3145 705 3184 fulcientibus
723 3156 764 3184 om.
779 3145 825 3186 Bl.
892 3146 921 3191 m)
942 3145 997 3184 iecit
1015 3155 1076 3184 eum
1090 3144 1204 3186 dimittere
1220 3148 1267 3187 Β1.

153 3201 176 3246 ιι)
191 3204 217 3238 et
231 3200 358 3248 ipsaacld.
373 3200 419 3240 Β1.
476 3199 497 3250 ο)
511 3199 580 3238 totis
595 3199 770 3241 nisibnsadd.
784 3198 830 3237 Bi.
885 3198 909 3248 p)
923 3198 1053 3237 Domini-
1067 3200 1149 3238 meruit
1163 3211 1205 3238 om.
1220 3201 1267 3240 Β1.

153 3253 176 3304 q)
190 3253 222 3291 ita
235 3253 320 3301 placuit
334 3252 383 3292 Bi.
451 3253 471 3304 r)
486 3262 562 3291 omnes
575 3251 649 3300 proiit.
665 3262 689 3291 se
703 3261 760 3290 eam
774 3252 833 3290 velle
847 3252 931 3289 imitari
944 3252 993 3290 Β1.
1063 3252 1081 3303 s)
1100 3253 1204 3292 Postea
1217 3255 1267 3293 Bl.

152 3305 170 3355 t)
190 3316 230 3348 om.
243 3307 293 3345 Β1.
375 3307 397 3354 ιι)
416 3307 446 3344 sic
462 3306 515 3354 1313
536 3307 600 3344 octob
619 3304 673 3354 1413
693 3303 785 3343 Octobri
800 3304 885 3352 Hampc
903 3305 950 3351 (‘N.
965 3302 1058 3344 Archiv'
1073 3306 1153 3355 XXII,
1168 3318 1193 3356 p.
1209 3308 1267 3356 695).

152 3360 175 3410 v)
190 3359 276 3401 etBl.
291 3359 321 3398 H.
376 3359 405 3410 w)
421 3359 566 3405 coniugem
580 3358 629 3396 Β1.
644 3357 674 3397 Η.
728 3357 752 3408 x)
766 3368 816 3396 eum
830 3357 879 3400 131.
892 3358 921 3397 Η.
977 3361 1000 3408 y)
1014 3360 1122 3399 Karolum
1136 3359 1184 3401 Bi.

108 3585 133 3623 es
153 3570 179 3639 1)
205 3572 245 3636 Cf.
269 3587 355 3637 snpra
373 3588 403 3638 p.
423 3574 465 3637 96,
489 3573 560 3626 nb.
653 3569 681 3640 2)
705 3570 748 3634 Of.
771 3586 858 3638 snpra
877 3588 906 3638 p.
927 3573 969 3638 96,
993 3588 1019 3626 n.
1039 3576 1065 3628 8.
1159 3571 1186 3641 3)
1209 3572 1267 3624 Hoc

153 3643 262 3694 annales
286 3645 427 3694 retractati
449 3648 516 3694 recte
540 3643 761 3708 interpretantur.
869 3642 897 3710 4)
923 3645 994 3695 Ann.
1014 3643 1086 3696 Bert.
1110 3644 1126 3693 l.
1145 3645 1163 3698 l.
1184 3660 1214 3709 p.
1235 3646 1265 3696 2:

152 3713 236 3764 alium
264 3717 427 3765 conventum
455 3712 570 3765 domnus
597 3713 747 3781 imperator
773 3729 836 3764 cum
863 3711 920 3765 filio
948 3729 996 3765 suo
1022 3712 1167 3766 Hlothario
1196 3713 1268 3765 circa

152 3782 291 3837 Kalendas
311 3783 437 3837 Octobris
455 3783 626 3852 Noviomago
653 3783 782 3838 condixit.
891 3784 917 3854 5)
943 3785 1001 3837 Hoc
1025 3787 1136 3836 nonnisi
1161 3801 1186 3839 n.
1205 3787 1266 3839 831.

152 3858 232 3906 euenit
240 3872 252 3918 ;
271 3856 306 3918 cf.
325 3856 430 3907 Simeon
448 3857 465 3908 l.
486 3857 503 3909 l.
525 3855 549 3922 Ι,
570 3872 601 3921 p.
620 3857 681 3919 363,
704 3871 731 3908 n.
752 3857 775 3908 1.
800 3855 841 3921 ΙΙ,
861 3873 890 3921 p.
909 3859 976 3922 2sq.
1068 3855 1094 3924 6)
1114 3856 1187 3907 Haec
1205 3871 1266 3922 qno

106 3940 133 3979 «10
151 3942 200 3992 qne
224 3927 312 3978 nostri
331 3929 519 3992 pn·aecipinnt;
543 3927 579 3990 cf.
605 3926 639 3980 ib.
665 3926 702 3988 II,
729 3943 758 3992 p.
781 3928 842 3990 365,
867 3943 893 3980 n.
916 3930 941 3981 6.
1051 3928 1078 3994 7)
1108 3926 1266 3981 Menanem.

151 3999 179 4063 8)
202 3998 303 4048 Karoia·
319 3998 357 4051 M.
376 4014 409 4048 en
427 3998 532 4062 Repinn
550 3997 696 4048 concubina
713 3997 806 4060 filium.

204 4103 304 4142 Annales
317 4104 439 4143 Mettenses
453 4104 547 4152 priores.
1055 4089 1071 4141 7
