2962 4942
211 449 253 506 VI
653 443 883 501 PRAEFATIO.

205 652 314 714 panca
338 629 453 711 omisit,
470 629 626 695 nonnulla
641 635 754 709 tamon,
771 627 866 692 etiam
882 633 1014 709 praeter
1029 628 1161 693 nomina
1178 627 1328 711 propria,

211 719 406 801 depravavit.

318 807 470 873 Attamen
504 805 658 888 eontinqit
690 804 796 885 nobis,
835 810 870 868 nt
902 825 967 869 non
994 827 1131 887 prorsas
1166 826 1331 871 careamus

211 896 433 975 adminiculis,
469 895 581 977 quibus
610 893 713 958 adiuti
743 892 917 974 aliqnando
951 895 1065 959 menda
1097 894 1253 976 castiqare
1283 895 1330 958 oel

212 985 330 1050 omissa
352 985 494 1066 supplere
516 985 687 1048 ualeamus.
734 981 867 1046 Praesto
890 988 972 1063 sunt,
991 991 1121 1064 praeter
1149 983 1260 1064 fontes,
1292 1004 1363 1046 eas

212 1074 326 1156 quibus
348 1073 383 1137 hi
406 1072 541 1138 annales
567 1073 739 1151 fluxerunt,
770 1076 799 1135 et
821 1072 941 1134 eosdem
970 1073 1106 1137 annales
1135 1077 1329 1152 retractatos,

211 1163 394 1244 fraqmenta
416 1163 571 1243 quaedam
595 1166 624 1224 et
645 1166 797 1240 exempta,
829 1179 909 1239 quac
935 1159 1003 1239 fere
1033 1162 1078 1225 ad
1105 1163 1232 1225 uerbum
1261 1181 1331 1225 cum

212 1250 331 1315 nostris
360 1249 561 1329 conueniunt,
592 1248 639 1314 ita
672 1255 707 1312 nt
740 1247 941 1329 iampridem,
977 1255 1050 1314 ante
1084 1270 1179 1331 qnam
1213 1250 1249 1314 V.
1283 1247 1329 1314 Ol.

212 1340 339 1421 Hampe
369 1338 503 1404 codicem
525 1338 769 1402 Dunelmensem
800 1335 888 1418 oidit,
913 1336 978 1400 oiri
1008 1338 1090 1402 docti
1119 1336 1331 1419 antiquiorem

213 1430 375 1510 quandam
405 1426 584 1492 Annalium
611 1425 815 1490 Mettensium
845 1425 1057 1491 recensionem
1086 1426 1240 1492 eustitisso
1269 1425 1331 1489 sibi
1350 1450 1378 1489 ιο

206 1515 439 1599 persuaserint.
505 1516 644 1597 Quorum
679 1520 806 1595 partem
846 1514 941 1578 etiam
981 1515 1017 1580 in
1056 1516 1117 1581 SS.
1156 1521 1177 1578 t.
1219 1514 1329 1594 XIII,

207 1628 243 1687 p.
275 1612 316 1670 26
336 1625 401 1685 sqq.
435 1626 459 1669 s.
491 1610 510 1668 t.
544 1602 734 1668 ‘Annalium
765 1608 900 1666 ueterum
928 1602 1112 1684 fraqmenta
1141 1602 1264 1685 partim
1294 1624 1332 1667 erc

214 1693 424 1758 Mettensibus
442 1691 591 1757 desumta'
608 1714 629 1755 a
650 1691 786 1773 Georqio
802 1691 930 1757 Waitu1
946 1690 1037 1776 (W.)
1055 1694 1211 1758 collectam
1225 1692 1329 1756 habes.

320 1782 366 1846 Et
387 1802 486 1845 nnnm
508 1780 633 1861 quidem
661 1779 804 1860 idemque
833 1779 1091 1862 antiquissimum
1120 1788 1149 1845 et
1177 1779 1331 1862 amplissi-

213 1892 299 1934 mum
321 1870 536 1951 fraqmentnm
566 1869 632 1933 iam
661 1868 729 1948 fere
753 1874 794 1930 30
818 1867 917 1933 annis
946 1876 1019 1934 ante
1041 1870 1188 1934 Annales
1217 1876 1379 1934 mirac-15

215 1966 292 2027 tatas
318 1958 401 2041 tqpis
426 1958 586 2039 oulqatnm
617 1963 670 2021 est.
725 1959 969 2041 Fragmentum
1002 1961 1043 2024 de
1067 1959 1215 2043 Pippino
1245 1961 1331 2022 duce

215 2047 299 2129 dico,
333 2049 416 2129 quod
438 2047 723 2127 Marqnardus
746 2046 903 2111 Frcher
931 2047 968 2111 in
998 2045 1149 2128 ‘Corpore
1180 2045 1332 2110 historiae

214 2136 406 2202 Francicae'
431 2134 618 2216 (Hanooiae
645 2137 745 2216 1613)
763 2157 799 2217 p.
820 2140 880 2199 168
898 2156 963 2217 sqq.
988 2136 1087 2200 edidit
1096 2139 1117 2198 2.
1156 2136 1274 2199 Exstat
1295 2133 1332 2198 in

320 2224 354 2289 A
367 2223 398 2307 2)
422 2223 526 2290 codice
541 2222 822 2289 Londiniensi
844 2224 944 2289 musei
958 2224 1157 2306 Britannici,
1174 2223 1331 2288 Arundel.

214 2336 266 2380 nr.
291 2320 365 2394 375,
396 2315 578 2393 membran,
605 2313 730 2392 formae
752 2314 937 2393 quadratae.
989 2313 1087 2378 Ouins
1115 2313 1171 2393 fol.
1199 2310 1331 2376 1-47‘.
1351 2338 1379 2376 20

215 2402 315 2466 Liber
343 2401 496 2467 historiae
518 2402 731 2483 Francorum,
762 2401 818 2481 fol.
844 2400 1008 2465 47¹—72¹.
1036 2401 1187 2467 Historia
1217 2404 1254 2465 de
1284 2421 1332 2466 ea·

216 2491 298 2557 cielio
340 2490 470 2570 Troiae,
513 2490 569 2570 fol.
607 2490 783 2555 72‘—75‘.
825 2490 1040 2573 fraqmentnm
1075 2491 1159 2556 illud
1195 2496 1331 2572 occupat.

219 2581 343 2661 Teutas,
368 2579 423 2660 qni
447 2579 578 2643 rubrica
607 2585 701 2659 caret,
732 2579 769 2643 in
798 2580 864 2659 [ine
893 2579 1056 2645 nonnullis
1084 2579 1174 2660 foliis
1204 2578 1333 2644 amissis

215 2674 261 2734 est
281 2667 419 2749 mutilus,
443 2667 557 2732 ultima
575 2666 702 2749 papina
724 2668 815 2733 ualde
838 2668 954 2733 detrita
977 2675 1006 2733 et
1028 2668 1161 2734 maculis
1177 2688 1331 2750 respersa.

216 2756 438 2822 Nihilominus
471 2756 541 2820 oiro
579 2755 757 2821 doctissimo
794 2757 845 2822 W.
881 2756 1034 2838 Leuison,
1073 2757 1128 2839 qni
1166 2779 1197 2822 a.
1236 2763 1330 2820 1903.
1351 2781 1378 2820 2⁶

215 2845 410 2912 collationem
433 2844 549 2910 codicis
571 2844 608 2909 in
630 2866 722 2909 usum
745 2845 840 2910 huius
862 2845 1011 2911 editionis
1036 2845 1177 2910 instituit
1204 2866 1332 2909 mecum-

214 2955 273 3016 que
311 2934 443 3016 benique
484 2933 739 3013 communicavit,
785 2935 881 2999 multo
920 2935 1020 3015 plura
1057 2954 1153 3016 qnam
1191 2934 1332 2998 Frehero

215 3022 397 3104 diqnoseere
427 3023 582 3088 successit.
633 3020 786 3104 Codicum,
818 3025 855 3087 de
885 3023 975 3088 cuins
998 3022 1111 3103 patria
1142 3022 1226 3087 nihil
1256 3044 1332 3087 com-

209 3111 361 3193 perimus,
387 3132 424 3175 en
447 3111 629 3192 continente,
654 3117 683 3175 et
697 3132 793 3194 reqno
808 3111 933 3193 quidem
949 3111 1160 3194 Francorum,
1178 3111 1332 3193 oriqinem

215 3201 327 3264 ducere
350 3199 512 3283 scriptura
535 3201 628 3264 docet.
1352 3218 1380 3263 so

321 3289 394 3352 Fal.
417 3288 549 3374 1—47‘.
574 3289 641 3353 iam
664 3290 787 3354 saeculo
806 3289 873 3370 IX,
898 3288 1031 3370 reliqua,
1055 3308 1135 3370 quae
1150 3288 1332 3353 Historiam

215 3378 252 3442 de
275 3377 398 3442 encidio
425 3377 541 3443 Troiae
571 3384 600 3442 et
621 3377 835 3460 fraqmentum
856 3383 998 3442 nostrum
1018 3379 1180 3461 praebent,
1205 3379 1244 3441 ab
1268 3376 1332 3440 alio

215 3465 352 3531 librario
375 3466 489 3530 litteris
512 3468 607 3531 multo
630 3466 863 3546 minutioribus,
889 3472 1001 3547 tamen,
1027 3465 1056 3529 si
1079 3486 1143 3530 non
1159 3465 1227 3544 IX,
1252 3470 1332 3529 certe

218 3554 285 3618 X.3
307 3556 430 3620 saeculo
460 3561 593 3620 enarata
623 3561 704 3618 snnt.
759 3554 900 3619 Litterae
924 3576 942 3618 e
966 3560 994 3618 et
1016 3555 1038 3634 i,
1066 3577 1086 3619 o
1110 3559 1139 3617 et
1161 3577 1193 3634 u,
1219 3577 1236 3619 e
1260 3560 1289 3618 et
1310 3577 1332 3638 q

215 3665 300 3707 more
324 3644 454 3725 antiquo
470 3649 705 3725 permutantur,
732 3642 888 3724 aspiratio
911 3642 991 3707 alibi
1014 3643 1221 3724 desideratur,
1254 3643 1332 3708 alibi
1352 3664 1377 3707 ss

216 3734 368 3798 abundat.
418 3734 542 3812 Tentns,
567 3752 756 3813 quamquam
779 3731 867 3796 haud
888 3733 1092 3813 spernendus,
1124 3732 1249 3797 lacunis
1272 3733 1332 3796 late

216 3927 243 3993 1)
264 3925 505 3977 Praetermittenda
523 3924 602 3974 duait
620 3924 813 3988 Iraqmentum
828 3923 1016 3988 Londiniense,
1034 3923 1200 3991 Fraqmenta
1215 3925 1331 3977 Worthi-

215 3999 326 4061 nansia,
355 3996 436 4046 Gesta
463 3996 590 4046 abbatum
616 3993 860 4046 Fontaneiiinsinm
889 4009 988 4046 riconon
1018 3996 1144 4048 Chronica·
1169 3997 1332 4048 Anionensis

215 4083 282 4132 qnae
307 4067 343 4117 ad
369 4083 393 4119 a.
414 4068 567 4121 753-756.
592 4071 719 4130 spectant.
808 4065 836 4135 2)
862 4067 1005 4133 Inscripsit
1025 4068 1073 4118 ‘De
1091 4069 1190 4134 Pipiuo
1208 4068 1333 4132 Anscqisi

215 4137 247 4191 F.
270 4137 447 4188 Orientalium
465 4138 635 4188 Francorum
658 4137 787 4203 principe,
812 4142 836 4188 ct
854 4139 1050 4190 Maioredomns
1067 4142 1146 4205 requi
1162 4139 1330 4204 Austrasiae,
1350 4153 1377 4191 40

215 4215 381 4273 aoqnomento
400 4210 485 4259 Breui
502 4209 578 4274 [sic],
598 4209 780 4271 froqrnentnm
799 4211 924 4275 insiqne'.
1010 4212 1036 4275 3)
1062 4210 1123 4261 Non
1145 4225 1212 4260 saec.
1231 4209 1282 4273 XI,
1302 4215 1332 4259 nt

216 4281 246 4329 in
268 4280 388 4342 catulopo
413 4280 582 4345 (notatoque
607 4279 640 4341 of
656 4279 839 4347 Mannscripts
863 4283 892 4331 in
917 4281 959 4331 the
977 4281 1084 4331 British
1101 4279 1231 4333 Muscam.
1269 4281 1331 4331 Nero

216 4349 325 4403 Series’.
357 4350 454 4403 Vol.I.
487 4351 555 4402 ‘The
568 4351 689 4400 Arundel
704 4349 912 4418 Mannseripts’.
945 4352 1028 4418 1834)
1043 4368 1072 4418 p.
1091 4353 1149 4405 110.
1169 4356 1192 4401 et
1210 4350 1330 4402 ‘Archiv’

221 4420 300 4486 VIII,
316 4436 345 4485 p.
360 4422 419 4474 759.
434 4421 598 4486 perhibetur.
