2962 4942
311 442 492 498 ANNALES
510 441 736 498 METTENSRS
754 441 926 499 PRIORES.
961 442 997 499 A.
1011 445 1074 499 775.
1216 447 1252 500 63

133 635 241 709 posuit
270 639 299 692 in
334 640 396 694 loeo
426 639 474 707 qui
510 638 611 693 dieitur
641 638 869 709 Brunisbergss·¹.
923 637 969 692 Ibi
1004 636 1321 707 preparaverunt'llb.

133 727 288 795 aaronem,
326 727 362 779 ut
399 723 494 779 armis
532 723 700 780 traiectum
742 727 861 782 fluminis
905 726 1129 782 defenderent*.
1189 720 1252 778 Sed
1261 739 1366 780 narr.

133 812 256 880 Franci,
281 811 420 868 donante
444 809 614 879 Domino⁰‚
642 811 776 868 transito
805 811 936 867 flumine
963 816 1078 868 multos
1105 813 1248 869 Saxonesd

133 905 348 972 oeciderunt,
366 901 477 957 ceteris
500 900 535 956 in
557 899 667 974 fugam
690 898 884 957 conversise.
925 904 988 959 Rex
1009 921 1094 959 vero
1117 897 1251 976 partem

100 983 305 1048 sexercitus
328 983 382 1047 sui
404 983 454 1046 ibi
477 976 694 1065 relinquensf
714 995 835 1064 perrexit
852 1003 959 1063 usque&
974 993 1111 1048 Ovaerum
1128 992 1252 1047 fluvium.

133 1083 180 1138 Ibi
210 1095 274 1134 una
306 1095 379 1152 pars
409 1077 580 1146 Saxonum,
611 1094 692 1152 quae
722 1078 836 1135 dieitur
865 1063 1038 1144 Hostfalih,
1073 1093 1146 1133 cum
1175 1076 1253 1150 opti·

133 1167 275 1224 matibus
299 1168 364 1223 suis
388 1167 429 1222 ad
458 1153 580 1240 ipsumi
609 1155 799 1234 veremith,
826 1175 1067 1239 sacramentaque
1093 1175 1121 1224 et
1145 1169 1253 1224 obsides

133 1260 285 1328 dedenmt,
312 1262 459 1314 iurantes
489 1278 518 1315 se
544 1259 639 1315 fideles
669 1278 727 1315 esse
753 1261 879 1330 partibus
904 1259 1043 1316 Caroli**.
1088 1258 1158 1313 Inde
1185 1270 1253 1327 pro·

134 1345 293 1402 ficissente
317 1360 399 1419 rege,
425 1349 580 1403 veneruntk
601 1345 642 1401 ad
666 1361 739 1401 eum
762 1344 861 1401 altera
884 1360 957 1417 pars
980 1329 1175 1410 Saxonnm¹‚
1199 1343 1253 1417 qui

87 1432 308 1490 rodicuntur111
332 1439 486 1509 Angrarin,
517 1439 545 1491 in
575 1431 699 1490 looum⁰
727 1433 777 1490 eui
806 1433 995 1489 vocabulum
1025 1435 1074 1488 est
1104 1436 1253 1504 BuokiP·²‚

134 1545 189 1580 una
201 1544 264 1582 enm
277 1527 353 1580 Brun
361 1530 372 1580 t
379 1527 389 1579 i
397 1537 481 1580 oneq·
489 1528 564 1564 ***·³
580 1532 608 1580 et
619 1527 730 1595 reliquis
741 1527 921 1596 optimatibus
932 1542 1035 1581 eorum.
1060 1524 1107 1579 Ibi
1118 1524 1254 1580 dederunt

136 1620 171 1670 et
193 1616 265 1685 ipsi
288 1615 396 1670 obsides
418 1608 453 1668 et
476 1608 692 1668 sacramenta
700 1604 723 1680 ⁴,
747 1617 817 1670 sicut
838 1620 872 1669 et
890 1615 1034 1683 austrasii,
1057 1606 1097 1666 ut
1120 1624 1253 1686 semper

136 1694 210 1777 regi
240 1692 363 1757 Oarolo
399 1697 435 1757 et
470 1693 610 1757 Francis
644 1693 764 1758 fideles
799 1696 923 1757 essent.
982 1703 1074 1758 Inde'r
1108 1707 1254 1758 revertens

135 1795 307 1862 pervenit
332 1794 373 1847 ad
398 1798 506 1862 partem
524 1795 665 1848 exereitus
690 1795 750 1863 sui,
776 1803 877 1864 quam
904 1811 987 1864 super
1012 1792 1128 1846 fluvium
1146 1791 1254 1845 wisera

92 1894 118 1932 1⁶
136 1870 347 1936 dimiserat⁵.
405 1875 467 1948 Qui
501 1879 597 1935 etiam
631 1871 793 1935 interim⁶
822 1901 944 1954 pugnam
974 1895 1046 1934 cum
1077 1875 1252 1934 saxonibus

250 2061 392 2130 *)Tuno
429 2061 551 2116 Saxones
587 2061 669 2114 armis
709 2060 856 2114 defendere
896 2061 1093 2115 transitum
1133 2059 1253 2112 fluminis

296 2133 418 2186 eonati
436 2136 519 2186 sunt
536 2134 596 2188 Β1.

234 2204 277 2272 **)
297 2203 553 2257 iurantesamodo
567 2219 595 2256 se
612 2202 952 2256 forefidelesdomino
966 2200 1084 2256 Karolo
1102 2201 1251 2271 regiBl.
1340 2263 1341 2268 Ἰ

216 2275 276 2343 ***)
296 2275 364 2327 duee
383 2291 444 2328 suo
463 2275 524 2330 add.
544 2276 593 2330 Bl
613 2292 647 2327 ex
665 2275 794 2327 Chronieo
812 2274 966 2340 Repinom‘a.

95 2360 121 2400 no
253 2346 276 2414 †)
295 2348 330 2398 In
348 2348 398 2401 Bl
414 2347 599 2414 praecedentia
616 2352 729 2412 mutata,
751 2347 886 2413 sequentia
910 2361 943 2397 sa
961 2345 1091 2398 Cltronieo
1108 2346 1253 2411 Reqinom'a

295 2421 432 2484 exscripta
461 2424 540 2470 sunt:
570 2417 762 2486 optimatibus,
792 2415 928 2470 dederunt
958 2415 1066 2468 obsides
1096 2421 1124 2468 et
1155 2416 1253 2469 inra-

296 2493 427 2542 verunt
454 2505 489 2542 se
517 2487 643 2541 amodo
667 2487 727 2556 regi
750 2485 848 2541 Oarolo
874 2491 902 2540 et
925 2485 1038 2540 Francis
1064 2504 1121 2541 esse
1146 2504 1254 2558 semper

296 2559 399 2615 fideles.
443 2558 553 2612 Interea
577 2558 698 2612 Saxones
724 2575 787 2612 eum
812 2557 937 2625 Eranam,
963 2559 1010 2626 qui
1035 2576 1116 2627 super
1139 2558 1253 2612 fluvium

296 2630 433 2684 Wisaram
452 2633 646 2698 remanserant,
662 2647 785 2699 pugnam
804 2631 983 2696 inierunt,
1002 2633 1030 2684 et
1042 2629 1101 2683 Deo
1121 2631 1253 2699 largiente

295 2701 397 2756 Franci
423 2701 540 2755 victoria
565 2701 647 2770 potiti
674 2701 825 2754 multos³
852 2718 887 2754 ex
914 2701 952 2754 eis
979 2701 1146 2756 oeciderunt.
1191 2699 1253 2766 Hes

297 2773 409 2827 audiam
436 2789 497 2840 rex,
522 2774 622 2826 iterum
650 2789 732 2841 super
758 2771 880 2825 Saxones
907 2789 970 2824 oum
998 2773 1120 2825 exercitu
1147 2772 1252 2825 irruens

297 2844 412 2896 multam
442 2852 561 2913 stragem
592 2843 658 2897 feeit
688 2848 716 2896 et
745 2843 859 2912 predam
895 2843 1033 2910 copiosam
1064 2842 1137 2910 cepit
1172 2859 1254 2910 super

297 2914 486 2983 Westphalos3
517 2915 642 2982 sieque
672 2915 760 2969 eoacti
790 2914 941 2968 iterum⁸
971 2913 1079 2966 obsides
1110 2912 1251 2968 dederunt.

297 2985 445 3040 Obsidibus
476 2987 568 3054 itaque
598 2986 714 3054 receptis
745 2989 774 3040 et
803 2985 888 3054 preda
919 2986 1005 3037 multa
1035 2987 1116 3052 capta
1144 3001 1193 3037 rex
1224 2984 1253 3037 in

296 3056 443 3110 Francism
462 3060 503 3110 est
522 3073 654 3112 reversus.
690 3056 747 3111 Ubi
771 3057 926 3110 nuntiatum
949 3061 990 3108 est
1014 3055 1047 3123 ei,
1073 3054 1147 3123 quod
1165 3054 1252 3109 Roht-

296 3127 402 3196 gaudus
427 3126 625 3198 Langobardus
651 3132 817 3196 postponens
844 3127 927 3181 fidem
955 3131 982 3180 et
1009 3130 1178 3180 sacramenta
1206 3126 1253 3179 ad-

296 3215 389 3252 versus
408 3215 471 3252 eum
489 3199 624 3253 rebellare
636 3198 800 3266 disponeret.
831 3198 931 3251 Statim
945 3215 1071 3251 versus
1083 3197 1253 3251 Italiam⁹

297 3270 350 3323 iter
380 3270 495 3338 arripuit
527 3274 554 3323 et
584 3270 733 3323 celebravit
759 3270 879 3323 natalem
907 3268 1019 3322 Domini
1049 3269 1078 3321 in
1105 3268 1170 3323 villa
1199 3286 1253 3337 que

297 3340 398 3394 dicitur
415 3341 557 3395 Sclezistat
575 3341 603 3393 in
622 3339 743 3394 Elisatio.

97 3535 120 3576 35
138 3537 159 3587 ι)
173 3538 305 3577 brunisbere
318 3538 365 3577 Β1.
420 3539 443 3588 b)
458 3538 624 3587 praeparabant
638 3536 691 3575 Sax.
706 3536 789 3575 bellum
803 3538 829 3578 A.
841 3537 908 3579 r·.Fr.
964 3539 983 3584 c)
999 3535 1051 3576 don.
1068 3538 1252 3578 Dom.om.B1.

138 3588 162 3640 d)
175 3601 209 3632 ex
222 3592 263 3630 els
276 3591 323 3633 Bl.
381 3593 403 3640 e)
416 3592 488 3631 versis
501 3591 549 3629 Β1.
608 3592 625 3641 ί)
639 3590 796 3637 derelinquens
810 3590 857 3632 Bl.
914 3590 937 3640 g)
953 3601 1023 3637 usque
1037 3589 1066 3629 ad
1080 3591 1126 3634 Β1.
1184 3591 1208 3640 h)
1222 3591 1254 3628 isa

137 3645 189 3694 ΔΙ)
205 3644 292 3684 Hosisll
306 3645 374 3691 Lob.‚·
388 3646 427 3692 qul
441 3643 546 3684 dieantur
565 3644 717 3693 uuesphsli
730 3644 777 3685 Bl.
857 3644 873 3693 i)
893 3654 943 3682 eum
957 3644 1003 3684 131.
1086 3643 1109 3694 k)
1130 3645 1192 3683 venit
1205 3644 1252 3683 Bl.

137 3697 154 3749 1)
167 3709 210 3737 om.
227 3697 275 3737 131.
344 3699 373 3748 m)
388 3709 432 3746 que
446 3697 529 3737 dieitur
544 3697 590 3737 Β1.
659 3703 682 3746 n)
698 3698 728 3735 ita
743 3697 795 3746 A1;
811 3698 888 3744 angarl
903 3696 953 3746 1313
969 3697 1052 3746 Agrari
1066 3697 1135 3743 ἰοὺ.)
1149 3697 1254 3744 Angrarii

137 3751 193 3793 Ans.
207 3763 226 3793 r.
240 3751 278 3794 Fr.
332 3752 354 3801 o)
368 3752 416 3790 loeo
430 3753 477 3790 Β1.
533 3750 557 3800 p)
570 3752 601 3792 sic
614 3752 660 3789 Β1.
675 3751 733 3789 Ann.
749 3761 768 3789 r.
784 3751 836 3799 Fr.;
849 3751 920 3789 buoch
934 3751 981 3791 Ar.
1037 3751 1060 3800 q)
1075 3751 1190 3790 biuntione
1205 3749 1251 3788 Al.

96 3940 121 3978 eo
139 3930 165 3995 1)
190 3930 279 3981 Locus
296 3945 367 3980 nune
384 3930 501 3982 desertus
519 3946 607 3995 supra
624 3929 736 3982 Hester.
827 3930 854 3998 2)
880 3931 913 3983 A.
932 3946 956 3982 r.
975 3928 1043 3982 Ρη·
1061 3928 1089 3979 in
1107 3942 1187 3995 pago,
1206 3925 1254 3992 qui

138 3998 239 4053 dieitur
257 3999 344 4052 Bueki
362 4003 481 4067 (reqione
499 4003 571 4051 eirea
590 4002 716 4067 oppidum
734 4001 893 4066 Barkebsrq
910 4002 984 4060 sita).
1057 3999 1084 4068 3)
1103 4000 1137 4052 A.
1150 4015 1173 4050 r.
1187 3997 1254 4051 Fr..-

138 4069 277 4124 Brunone.
384 4072 411 4140 4)
439 4073 481 4136 Cf.
507 4073 579 4126 Ans.
606 4088 630 4137 q.
656 4073 681 4125 d.
706 4071 864 4123 Einhards‘:
892 4069 997 4123 obsides
1025 4086 1057 4121 ac
1084 4071 1254 4121 sacramenta

139 4140 280 4197 dederunt.
362 4142 390 4211 ὃ)
411 4144 453 4206 of.
472 4159 558 4208 supro
577 4143 594 4200 i,
614 4145 638 4197 ὅ.
676 4144 747 4196 Aen.
767 4160 792 4209 q.
811 4143 837 4196 d.
856 4141 1011 4193 Einherdi:
1029 4157 1092 4208 pars
1111 4139 1253 4206 exereitus,

139 4229 220 4280 qnam
246 4212 281 4265 ad
299 4211 437 4266 Wisuram
463 4213 574 4268 dimisit.
664 4215 691 4279 6)
720 4214 763 4276 cf.
789 4215 861 4269 Ans,
880 4230 903 4280 q.
922 4213 947 4266 d.
966 4212 1051 4264 Essa.
1068 4217 1092 4263 et
1109 4212 1255 4277 Reqinom'a

97 4293 122 4333 to
138 4283 246 4338 chron:
268 4282 409 4352 (Interea).
502 4286 529 4354 7)
555 4285 672 4350 Reqino:
698 4287 726 4336 et
750 4284 875 4352 plures
894 4300 928 4336 ex
946 4282 1099 4335 Saxonibus
1117 4279 1255 4334 interfecti

139 4359 208 4410 sunt.
281 4357 310 4420 8)
330 4355 402 4408 Haec
419 4373 469 4408 voa
483 4372 628 4423 perperam
646 4356 750 4419 addite,
768 4357 895 4422 quostiam
919 4370 1007 4420 supra
1031 4355 1049 4407 i.
1067 4356 1092 4408 6.
1111 4351 1255 4419 Wesphali

136 4441 188 4492 pro
199 4424 321 4479 Hostlali
341 4427 441 4482 lectum
508 4427 535 4496 9)
554 4442 647 4480 versus
658 4425 769 4480 Italiam
788 4442 821 4479 aa·
839 4429 912 4482 Ans.
924 4426 996 4484 Mett,
1012 4427 1102 4494 prior.
1115 4427 1254 4480 insertum.
