2962 4942
213 455 248 507 76
359 451 539 506 ANNALES
558 451 784 507 METTENSES
801 450 973 509 Parcaas
1004 452 1040 508 A.
1054 455 1115 509 787.
1129 456 1190 511 788.

95 695 115 733 A
143 625 202 733 723·
214 646 305 700 Caroli
323 648 351 700 in
364 647 522 715 vasaticum,
541 646 657 700 reddens
677 646 709 699 ei
727 646 831 699 illum
843 646 982 714 ducatum,
999 659 1093 716 quem
1109 640 1195 698 iam*
1211 642 1334 699 dudum

117 705 153 735 .r.
197 723 230 788 'a
242 734 361 804 Pippino
376 753 440 806 rege
459 733 649 804 susceperat,
672 739 699 788 et
718 736 804 790 conf
810 753 909 789 essue
928 739 982 790 est
1000 739 1028 789 se
1048 737 1076 790 in
1089 736 1216 790 omnibus
1229 747 1334 788 coram

214 819 342 876 domino
366 837 424 876 suo
448 842 581 894 peccasse.
618 824 729 893 Quam
748 824 882 878 obrem
901 824 991 878 donno
1011 828 1182 879 sacramenta
1200 842 1335 879 renovans

213 914 289 967 dedit
319 914 426 968 obsides
456 913 516 967 XII
547 918 575 967 et
609 912 695 966 filium
733 930 811 966 snum
842 913 1017 981 Teodonem,
1054 906 1090 967 et
1124 902 1173 967 sic
1207 902 1334 966 iterum

214 991 378 1055 ducatum
410 1011 508 1054 suum
540 1011 601 1073 per
635 991 907 1054 munificentiam
941 991 1032 1075 regis
1067 993 1214 1074 adeptus
1250 992 1364 1056 astte

212 1085 291 1142 Inde
314 1103 385 1142 oum
410 1082 548 1160 gaudio‘2
571 1091 731 1143 revertens
756 1103 809 1142 rex
833 1084 963 1142 Carolus
989 1093 1109 1145 natalem
1131 1092 1243 1145 Domini
1264 1094 1334 1146 oola-

215 1180 306 1233 bravit
324 1181 352 1233 in
370 1181 436 1234 villa
455 1197 524 1248 quae
543 1180 643 1234 dicitur
660 1179 878 1250 Ingelinhaimb·
889 1181 905 1235 ³.

94 1291 201 1332 aaa.
321 1269 443 1330 Anno⁰
484 1266 675 1330 dominicae
717 1267 964 1329 incarnationis
1003 1265 1333 1330 DCCLXXXVIII.

214 1359 344 1418 Carolus
379 1379 432 1419 rex
467 1362 646 1436 generalem
681 1365 873 1418 conventum
906 1360 1097 1418 Francorum
1132 1355 1269 1419 habuit4
1301 1363 1333 1418 in

202 1455 268 1511 ,iam
288 1455 362 1509 dicta
379 1457 446 1510 villa
463 1455 681 1526 Hingelinhaim,
704 1455 796 1523 ibique
815 1456 897 1509 venit
916 1455 1020 1509 Tassilo
1039 1468 1112 1507 cum
1132 1457 1235 1510 ceteris
1254 1452 1334 1525 prin·
1352 1466 1376 1504 ro

213 1539 334 1612 cipibus
368 1540 605 1614 Baugariorum.
667 1533 800 1596 Habita
837 1553 918 1597 vero
958 1554 1036 1596 cum
1070 1529 1261 1597 Baioariis‘l
1298 1535 1335 1597 in

214 1623 387 1704 presentia
421 1623 628 1706 optimatum
660 1623 869 1685 Francorum
904 1624 1166 1700 conventione⁰,
1204 1639 1335 1703 ceperunt

213 1720 308 1774 fideles
327 1721 445 1775 Baioarii
465 1723 564 1791 dicere,
584 1722 657 1791 quod
676 1722 780 1775 Tassilo
801 1722 885 1775 fidem
907 1740 992 1788 suam,
1018 1735 1113 1792 quam
1136 1720 1333 1792 promiserat,

215 1811 315 1863 salvam
343 1828 398 1864 non
424 1811 546 1880 haberet,
572 1811 648 1879 sed,
674 1816 819 1880 postquam
845 1811 985 1865 dederat
1010 1811 1097 1864 filium
1122 1830 1202 1864 suum
1227 1809 1260 1863 in
1285 1808 1335 1865 ob·

215 1882 350 1963 sidemf,
380 1895 528 1952 fraudare
558 1895 779 1952 iusiurandum
809 1898 989 1968 temptaret,
1019 1901 1149 1955 suadente
1177 1902 1335 1973 Leutberga
1353 1911 1376 1950 m

215 1990 371 2060 coniuge
389 2007 445 2045 sua.
483 1989 562 2058 Quod
583 1995 608 2042 et
628 1989 732 2042 Tassilo
759 1989 894 2058 denegare
919 2007 975 2042 non
1000 1990 1099 2058 potuit,
1124 1990 1172 2044 sed
1197 1991 1335 2044 confessus

215 2082 254 2131 est
279 2083 375 2147 postea
400 2079 434 2131 ad
460 2079 587 2132 Avarosa
611 2077 801 2146 transmisisse,
827 2095 919 2131 vassos
943 2078 1093 2147 supradicti
1118 2079 1212 2132 domni
1238 2079 1332 2149 regish

115 2181 144 2228 v.
156 2179 203 2221 14b.
215 2167 372 2221 adhortasse
392 2170 434 2221 *et
454 2169 482 2221 in
500 2168 586 2221 vitam
609 2185 704 2220 eorum
730 2166 901 2235 consiliasse,
928 2173 955 2220 et
979 2167 1102 2220 homines
1128 2185 1199 2236 snos,
1227 2169 1334 2237 quando

214 2255 350 2324 iurabant,
369 2257 489 2323 iubebat,
510 2261 540 2309 ut
559 2258 638 2310 aliter
656 2257 685 2308 in
703 2261 796 2309 mente
814 2257 964 2309 retinerent
987 2262 1014 2310 et
1039 2257 1089 2309 sub
1116 2257 1179 2309 dolo
1205 2258 1334 2313 iurarent.

215 2343 252 2397 Et
271 2345 337 2412 quid
355 2345 462 2414 magis?
494 2345 638 2398 Confessus
658 2349 698 2398 est
716 2347 744 2398 se
764 2345 870 2411 dixisse,
884 2346 967 2398 etiam
987 2346 1009 2398 si
1022 2345 1116 2398 decem
1128 2345 1200 2398 filios
1212 2346 1334 2414 haberet,
1352 2355 1376 2394 ao

216 2450 310 2486 omnes
328 2434 458 2487 voluisset
475 2435 598 2503 perdere,
619 2438 765 2503 antequam
784 2435 884 2502 placita
903 2436 941 2487 sio
960 2439 1155 2501 remanerent,
1174 2436 1219 2488 vel
1238 2435 1335 2488 stabile

215 2523 394 2590 permitteret,
414 2524 484 2576 siout
502 2524 621 2575 iuratum
640 2523 746 2578 habuit.
783 2523 821 2576 Et
839 2524 922 2576 etiam
941 2524 1012 2575 dixit
1030 2524 1126 2576 melius
1145 2525 1173 2576 se‘
1196 2528 1335 2576 mortuum

217 2627 273 2664 esse
300 2628 382 2679 quarn
408 2612 446 2663 ita
471 2613 569 2665 vivere.
614 2611 651 2663 Et
677 2611 710 2664 de
735 2611 777 2664 his
803 2613 929 2664 omnibus
954 2613 1156 2680 comprobatus,
1182 2612 1283 2666 Franci
1308 2616 1335 2666 et

215 2699 344 2768 Baioarii,
370 2700 563 2769 Langobardii
591 2705 618 2752 et
637 2700 759 2754 Saxones
784 2701 827 2753 vel
849 2718 883 2753 ex
902 2701 1029 2753 omnibus
1047 2700 1203 2768 provinciis,
1230 2702 1276 2768 qui
1301 2701 1335 2754 ad

217 2789 331 2842 eandem
351 2789 476 2841 sinodum
496 2790 655 2858 congregati
677 2789 797 2856 fuerunt,
823 2789 1026 2842 reminiscentes
1050 2789 1175 2857 priorum
1200 2790 1334 2842 malorum
1352 2797 1376 2838 ss

216 2880 281 2945 eius,
302 2884 329 2932 et
349 2878 486 2948 quomodo
506 2878 654 2946 Pippinum
677 2879 704 2929 in
731 2878 852 2930 exercitu
878 2877 1110 2945 dereliquisset
1136 2883 1164 2931 et
1189 2879 1237 2946 ibi,
1262 2878 1335 2948 quod

216 2968 354 3021 theodisca
381 2968 476 3038 lingua
501 2967 609 3020 harisliz
636 2966 743 3033 dicitur,
770 2965 999 3018 iudicaverunt
1024 2967 1140 3020 eundem
1166 2967 1335 3021 Tassilonem

216 3056 250 3107 ad
269 3062 394 3110 mortem.
432 3056 487 3110 Sed
506 3057 572 3108 dum
599 3055 714 3109 ornnesk
735 3072 802 3108 voce
828 3055 1012 3108 acclamarent
1029 3055 1138 3123 capitali
1164 3055 1247 3109 feriri
1272 3073 1335 3110 eum

217 3147 358 3212 sententia,
378 3147 514 3213 piissimus
539 3163 588 3199 rex
608 3146 720 3198 Carolus
745 3149 837 3197 motus
863 3143 1049 3197 misericordia
1074 3145 1109 3198 ob
1135 3161 1257 3199 amorem
1275 3145 1334 3212 Dei,

218 3237 244 3285 et
263 3234 326 3300 quia
345 3236 563 3302 consanguineus
582 3236 639 3289 eius
658 3238 724 3301 erat,
745 3234 864 3287 obtinuit
883 3233 917 3285 ab
937 3233 1001 3301 ipsis
1013 3233 1065 3286 Dei
1085 3250 1116 3287 ac
1134 3233 1187 3286 suis
1200 3232 1335 3300 fidelibus,
1353 3243 1377 3284 ao

217 3326 247 3372 nt
274 3339 329 3374 non
354 3327 516 3378 moreretur.
560 3323 597 3376 Et
623 3324 806 3392 interrogatus
833 3325 848 3374 a
873 3339 937 3391 rege
963 3322 1100 3391 predictus
1126 3323 1244 3390 Tassilo,
1271 3323 1336 3391 quid

218 3427 299 3477 agere
317 3410 455 3477 voluisset,
474 3412 629 3479 postulavit,
655 3418 686 3464 ut
704 3412 843 3465 licentiam
868 3411 983 3464 haberet
1008 3415 1043 3464 se
1069 3412 1228 3464 tonsorandi
1255 3417 1283 3465 ot
1308 3411 1336 3464 in

216 3501 411 3551 monasterium
430 3499 586 3552 introeundi
606 3505 633 3552 et
652 3518 701 3568 pro
721 3502 804 3553 tantis
822 3502 941 3568 peccatis
960 3501 1139 3568 penitentiam
1158 3500 1265 3568 agendi,
1285 3499 1329 3554 etl

218 3604 293 3638 suam
312 3588 429 3640 salvaret
448 3589 576 3643 animam.
614 3588 747 3642 Similiter
767 3595 793 3642 et
811 3589 884 3640 filius
910 3589 966 3641 eius
986 3588 1080 3641 Teodo
1107 3589 1271 3642 diiudicatus
1296 3594 1337 3643 est

218 3681 245 3728 et
263 3680 419 3729 tonsoratus
437 3677 466 3728 in
484 3677 680 3729 monasterium
699 3678 803 3732 missus,
840 3677 878 3729 Et
896 3679 975 3745 pauci
993 3677 1146 3748 Baioariim,
1166 3678 1214 3746 qui
1239 3679 1267 3731 in
1290 3678 1335 3731 ad·
1354 3686 1378 3726 aa

217 3764 345 3819 versitate
364 3766 436 3835 regis
456 3765 547 3818 Caroli
565 3766 714 3833 perdurare
734 3767 871 3832 volebant,
890 3768 965 3820 missi
983 3771 1046 3820 sunt
1064 3767 1093 3818 in
1113 3767 1233 3822 exilium.

218 3965 238 4010 a)
258 3967 303 3999 tam
322 3963 371 4002 Ar.
454 3964 477 4011 b)
495 3965 522 4002 In
542 3965 564 4001 in
583 3964 628 4001 loco
647 3974 697 4001 raso
716 3964 765 4006 Ar.
845 3966 865 4012 c)
885 3963 950 4002 Anno
965 3985 991 3993 -
1005 3962 1205 4005 DCCLXXXVIII.
1224 3975 1266 4003 om.
1285 3964 1335 4003 Ar.

218 4013 240 4060 d)
251 4016 363 4055 baiostriis
373 4019 416 4059 Al.
467 4018 487 4068 e)
497 4019 554 4065 forae
564 4019 667 4056 contione
677 4018 831 4056 emendandum
836 4030 844 4064 ;
855 4018 883 4064 cs.
894 4029 961 4066 supra
969 4030 994 4066 p.
1001 4018 1022 4066 8,
1033 4017 1074 4058 Η.
1085 4018 1118 4066 72,
1129 4017 1144 4054 l.
1153 4016 1178 4065 85
1188 4017 1250 4063 infra
1259 4029 1279 4059 a.
1289 4017 1337 4057 800.

219 4069 235 4115 f)
254 4067 392 4109 obsidionem
407 4073 454 4111 Al.
533 4079 553 4120 g)
574 4083 655 4110 auoros
669 4072 717 4110 Al.
794 4073 817 4120 h)
836 4072 894 4118 forte
907 4069 936 4109 ad
951 4083 975 4110 se
989 4081 1016 4108 es
1030 4072 1087 4112 Ana.
1101 4082 1119 4112 r.
1135 4070 1173 4112 Fr.
1185 4071 1335 4120 supplendum.

219 4122 440 4221 Cqungobtafdidal,
506 4125 529 4176 k)
543 4126 600 4173 sorte
613 4136 658 4163 una
672 4136 698 4163 ex
712 4126 769 4163 Ann.
785 4137 803 4167 r.
820 4126 855 4165 Fr.
871 4125 1019 4173 supplendum.
1081 4124 1097 4173 l)
1111 4129 1134 4163 et
1147 4128 1173 4162 ut
1186 4126 1243 4164 Ana.
1261 4136 1281 4163 r.
1296 4125 1335 4165 Fr.
1354 4121 1380 4159 40

219 4184 238 4209 m
278 4178 363 4214 arosrri
405 4182 423 4218 1.

266 4348 305 4426 Cf.
320 4352 390 4407 Aura
406 4357 492 4411 Luur.
507 4361 570 4411 urin.
586 4359 603 4410 l.
618 4359 635 4412 l.
708 4357 736 4426 2)
757 4357 797 4422 Cf.
816 4372 903 4422 supra
917 4372 946 4421 p.
961 4356 1004 4420 27,
1024 4357 1042 4409 l.
1055 4357 1080 4409 4.
1153 4353 1180 4423 3)
1198 4357 1232 4409 A.
1247 4371 1271 4410 r.
1286 4355 1336 4410 Fr.

272 4425 335 4472 ant:
355 4423 478 4479 similiter
496 4432 523 4479 et
541 4427 649 4495 pascha.
721 4427 749 4497 4)
771 4429 811 4493 Cf.
829 4443 916 4493 supro
935 4444 964 4491 p.
984 4430 1027 4492 52,
1048 4427 1065 4480 l.
1084 4428 1127 4480 24.
