2962 4942
212 471 247 525 92
395 465 575 521 ANNALES
592 464 818 522 METTENSES
835 464 1009 523 PRIORES.
1040 466 1151 523 A.804·

97 694 124 736 A.
135 625 285 734 ffiNam
302 644 451 714 imperator
469 660 551 712 super
561 643 676 698 Albiam
693 642 817 711 fiuvium,
836 647 874 697 ut
892 660 1000 712 supra
1018 643 1205 711 diximus¹,
1216 641 1332 698 sedebat

212 733 241 787 in
259 733 320 788 loco
339 733 386 802 qui
404 733 505 787 dicitur
520 731 707 800 Holdunsteti,
726 738 754 785 et
771 732 854 785 misse
872 732 907 786 ad
923 730 1105 786 (iodeiridum
1123 732 1262 802 legetiono
1279 749 1330 802 pro

145 836 202 885 som.
212 820 333 893 perfugis
351 821 506 890 reddendis,
524 821 615 874 medio
628 819 803 889 septembrio
817 819 960 874 Coloniam
973 820 1055 876 venit.
1086 808 1196 873 Ῑιιᾶθπ
1212 811 1331 874 aulem

117 925 173 974 seps.
183 927 203 965 1.
214 920 292 963 cum
329 898 489 963 laeticia²
527 898 676 980 magna3
712 916 886 980 regressus
921 897 1000 960 Kal.
1036 897 1252 981 Septembr.⁴
1286 899 1331 962 ad

148 1014 203 1054 ms.
213 988 322 1071 Aquis
346 987 517 1072 palacium
540 979 670 1051 veniel.
709 992 747 1048 In
766 1008 828 1068 quo
847 1009 919 1050 cum
938 995 1033 1061 esset,
1052 997 1143 1052 medio
1161 996 1331 1051 Novembrio
1350 1010 1364 1051 s

214 1088 424 1141 nuntiarum
447 1092 489 1141 est
511 1088 545 1153 ei,
568 1076 659 1158 quod
683 1075 752 1139 Leo
776 1095 866 1158 papa
889 1095 986 1138 snum
1013 1073 1222 1157 colloquium
1247 1075 1331 1138 desi·

215 1167 337 1229 derans
360 1166 398 1228 in
421 1164 602 1229 Franciam
624 1164 757 1229 veniret
781 1167 816 1228 et
840 1176 961 1229 natalem
984 1175 1095 1229 Domini
1118 1192 1181 1228 cum
1204 1191 1237 1228 eo
1261 1175 1333 1244 cele-

197 1267 295 1320 rbrere
322 1266 420 1331 vellet,
450 1265 616 1333 ubicumque
643 1264 695 1319 hoc
722 1264 882 1335 contingere
909 1265 1049 1332 potuisset.
1099 1250 1165 1315 Oui
1194 1251 1330 1316 obviam

214 1343 339 1426 legalis
371 1343 441 1407 suis
472 1340 621 1418 directis,
653 1362 730 1405 cum
760 1342 829 1405 iam
861 1341 1023 1418 audisset,
1055 1341 1146 1424 quod
1175 1340 1246 1403 iam
1276 1341 1332 1404 ed-

215 1434 372 1509 venerai,
409 1431 545 1495 obviam
580 1431 653 1495 eius
683 1430 801 1494 itineri
831 1430 957 1494 direxit
990 1433 1196 1510 premittens⁰
1230 1435 1333 1492 fllium
1352 1453 1377 1494 ro

216 1545 310 1584 suum
341 1525 488 1584 Carolum
522 1542 628 1602 regem
638 1519 659 1594 ⁵,
694 1530 731 1582 ut
764 1542 838 1582 eum
872 1542 945 1583 cum
978 1519 1118 1582 honore6
1151 1525 1235 1582 inter
1263 1525 1332 1581 vias

216 1616 415 1690 suscepisset.
459 1620 524 1689 Ipse
549 1637 690 1689 quoque
717 1608 761 1671 ad
786 1619 938 1673 Remorum
963 1619 1101 1673 civitatem
1128 1607 1166 1669 in
1189 1606 1333 1672 basilica

216 1698 311 1762 beati
326 1697 474 1779 Remigii
498 1697 650 1780 episcopi
673 1699 708 1760 ei
732 1695 958 1760 confessorisl
981 1697 1013 1760 ei
1036 1696 1187 1760 occurrit
1202 1698 1238 1760 ei
1254 1716 1333 1760 cum

217 1806 342 1870 magno
380 1786 529 1868 gaudio⁸
567 1788 602 1849 ei
636 1784 880 1850 veneratioue⁹
918 1805 996 1850 eum
1035 1784 1202 1868 suscepi13
1239 1796 1333 1865 ibique

216 1889 381 1954 susceptum,
405 1885 495 1954 primo
514 1884 682 1938 Garisiacum
706 1885 809 1952 sillem,
835 1885 883 1938 ubi
907 1886 1028 1939 natalem
1046 1885 1158 1938 Domini
1176 1884 1332 1952 celebravit,
1352 1897 1376 1937 1⁶

217 1973 405 2030 devenitw.
456 1962 544 2026 Inde
574 1961 705 2045 pariter
734 1963 988 2045 proficiscentes
1022 1964 1255 2046 pervenerunt
1289 1962 1333 2025 ad

217 2051 409 2117 Suessionis
432 2050 618 2115 civitatem.
658 2051 792 2132 Inque
816 2051 954 2115 dimisso
978 2050 1140 2135 pontifice
1164 2051 1209 2114 ed
1232 2049 1333 2115 collo·

217 2142 335 2225 quium
351 2160 533 2224 germanae
550 2160 631 2204 suae
648 2138 774 2217 Gislae,
793 2135 902 2222 quae‘l
919 2140 956 2203 in
974 2141 1029 2203 his
1045 2140 1166 2204 diebus
1177 2138 1203 2177 ¹1
1219 2157 1333 2222 aegro·

217 2231 332 2308 tabat,
368 2230 411 2293 ad
444 2228 563 2294 Gelam
598 2228 880 2294 monasterium1²
913 2228 1079 2312 pervenit.
1133 2228 1328 2311 Facioque⁰

219 2319 292 2383 eius
326 2318 524 2401 conloquio,
561 2318 605 2381 ad
640 2316 849 2382 Curisiacum
884 2317 1004 2381 villam
1038 2317 1189 2382 Leonem
1224 2317 1333 2400 ponii·
1350 2341 1375 2382 so

218 2408 327 2484 ficem,
351 2427 452 2489 quem
476 2408 569 2490 apud
593 2406 759 2471 Sanctum
775 2407 979 2470 Medardum
1003 2406 1243 2488 dereliquerat,
1268 2405 1334 2469 sibi

94 2495 354 2561 *nemobviam
392 2495 507 2560 venire
545 2494 641 2559 fecii.
703 2494 779 2574 Quo
818 2495 854 2558 in
892 2494 968 2559 loco
1008 2495 1137 2580 pariter
1181 2493 1334 2559 natalem

218 2696 241 2744 ι)
254 2695 339 2752 ipsanio
351 2694 373 2732 A
383 2695 402 2744 1,
417 2695 473 2743 quod
487 2695 610 2742 emersetcvt,
628 2694 655 2741 of.
673 2705 741 2742 supra
755 2706 780 2742 p.
796 2695 829 2744 25,
848 2695 863 2734 l.
879 2695 899 2734 8.
968 2695 991 2741 b)
1009 2695 1037 2741 es.
1053 2694 1139 2740 Guelfi:
1153 2690 1206 2732 inde
1220 2703 1334 2740 regressus

218 2749 270 2788 Kal.
285 2747 347 2797 Sept.
361 2747 389 2785 sd
403 2747 474 2795 Aquis
488 2748 603 2797 palatium.
668 2748 688 2798 o)
703 2749 734 2784 rra
748 2749 768 2785 A
778 2749 797 2787 1.
862 2748 884 2799 d)
903 2758 947 2796 qne
961 2747 1001 2785 Al
1017 2740 1057 2797 (d).
1073 2748 1092 2785 Β
1102 2747 1121 2786 1.
1187 2747 1207 2797 e)
1222 2747 1335 2794 Fretoque

218 2802 266 2853 As,
281 2812 345 2852 quem
359 2810 431 2840 vocem
445 2801 568 2839 musqueto
582 2802 731 2848 depravatam,
745 2805 769 2838 ut
782 2812 849 2849 supra
862 2802 969 2848 corripere
984 2804 1072 2838 commus
1084 2811 1139 2848 sum,
1153 2811 1201 2838 cum
1215 2800 1334 2839 emendatio
1351 2796 1375 2836 io

218 2856 353 2906 metuque,
363 2865 427 2904 quem
435 2854 474 2893 Bl
484 2854 581 2903 praebet,
591 2855 663 2892 mtnus
668 2855 761 2903 placeat,
773 2855 804 2892 tte
813 2858 836 2892 ut
847 2855 939 2892 editores
950 2863 997 2892 eam
1006 2854 1074 2892 denuo
1084 2854 1197 2892 mundare
1205 2854 1334 2892 studuerint.

219 2907 369 2962 [Persemque
382 2909 494 2956 lesendam
503 2909 608 2956 proponit
619 2908 649 2947 M.
661 2906 747 2958 Turpi]

220 3071 247 3136 1)
272 3068 313 3131 Cf.
336 3085 423 3135 supra
442 3085 473 3134 p.
491 3070 534 3132 91,
560 3067 576 3120 l.
592 3069 616 3121 7.
635 3069 660 3122 8.
749 3066 778 3136 2)
802 3066 864 3121 Le.
887 3082 921 3118 ex
943 3066 1084 3126 Sucronem
1106 3069 1141 3131 of.
1159 3065 1335 3119 Methldaclser

218 3155 263 3191 nr.
280 3140 375 3203 40611,
398 3140 441 3194 (Ν.
460 3138 573 3190 Archie'
593 3137 669 3189 XXI
673 3137 702 3202 V,
725 3156 753 3205 p.
772 3140 875 3203 403sq.
948 3138 977 3206 3)
1001 3137 1100 3193 Chrom.
1122 3138 1257 3193 Mosam.
1280 3139 1298 3194 l.
1319 3137 1334 3192 l.

239 3252 245 3264 .
264 3213 316 3265 257
325 3227 381 3278 sq:
401 3207 438 3262 nt
455 3214 551 3277 postea
569 3225 631 3262 oum
650 3226 751 3278 magno
770 3207 871 3278 gaudio
890 3207 948 3276 ipse
973 3207 1124 3275 imperator
1148 3208 1283 3261 remeavit
1306 3207 1336 3261 in
1352 3224 1376 3264 so

217 3227 336 3333 drancio
354 3283 382 3333 et
399 3280 524 3348 pervenit
542 3279 578 3332 ad
594 3280 683 3348 Aquis
702 3279 794 3332 sedem
812 3279 925 3348 regiam.
1009 3281 1037 3347 4)
1060 3278 1135 3332 Haec
1152 3281 1234 3333 mimis
1251 3282 1336 3346 mepte

220 3354 323 3404 inserta
340 3367 401 3418 esse,
421 3354 477 3402 iem
490 3353 598 3418 pridem
615 3354 709 3403 monui
726 3351 768 3405 ίΝ.
787 3349 902 3403 Archie'
920 3350 994 3401 XXI
997 3351 1028 3418 V,
1043 3367 1072 3417 p.
1088 3353 1150 3406 418.
1187 3352 1335 3403 Secundum

220 3424 293 3477 Aen.
306 3440 330 3476 r.
342 3423 402 3488 Fr,
420 3438 485 3489 quoe
502 3425 589 3474 nostri
606 3424 683 3475 modo
694 3425 749 3489 ipsi
760 3424 842 3474 secuti
851 3427 922 3488 sunt,
936 3423 1084 3489 imperator
1095 3423 1179 3474 medr'o
1191 3422 1339 3488 Septenos·

222 3493 367 3558 Coloniam,
385 3494 453 3557 inde,
472 3495 582 3545 dimisso
599 3496 723 3558 exercitu,
742 3495 837 3560 Aquas
855 3495 930 3547 vertit
1021 3493 1048 3561 5)
1074 3492 1148 3544 Haeo
1165 3509 1266 3560 qaoque
1282 3508 1336 3545 nors

222 3565 357 3631 aptissime
385 3565 464 3617 elicta.
514 3563 706 3631 imperatorem
732 3564 855 3630 pontifici
881 3569 992 3630 praeter
1021 3563 1109 3627 filium
1140 3563 1209 3616 alios
1239 3565 1337 3630 tesam
1353 3577 1377 3619 ss

221 3633 323 3686 obviam
340 3636 445 3686 misisse
461 3637 570 3686 nonnisi
586 3638 673 3686 nostri
694 3636 825 3698 referunt.
915 3634 942 3703 6)
970 3635 1011 3700 Of.
1034 3650 1121 3701 supra
1139 3651 1170 3701 p.
1188 3637 1232 3701 44,
1255 3635 1336 3690 123.

223 3703 250 3773 7)
282 3705 322 3770 Cf.
349 3721 436 3772 supra
459 3723 487 3771 p.
514 3708 557 3771 57,
585 3705 602 3758 l.
629 3708 670 3761 16.
699 3708 740 3760 17.
848 3707 876 3772 8)
911 3706 951 3771 Of.
979 3721 1064 3773 supra
1088 3722 1118 3772 p.
1144 3709 1188 3773 27,
1217 3706 1234 3758 l.
1259 3709 1285 3765 3.
1310 3708 1336 3760 4.

223 3775 250 3844 9)
277 3775 317 3841 Of.
342 3792 428 3844 supra
450 3794 478 3844 p.
497 3779 541 3842 33,
566 3777 583 3830 l.
602 3777 645 3831 26.
755 3778 798 3842 10)
823 3777 895 3831 Ama.
915 3793 939 3832 r.
958 3777 1008 3831 Fr.
1016 3794 1026 3828 :
1051 3775 1144 3843 ibique
1166 3781 1214 3844 (se.
1233 3777 1337 3842 Remis)

223 3850 378 3914 susceptum
401 3846 490 3915 primo
509 3846 676 3900 Gerisiacum
700 3845 801 3914 villam,
826 3846 875 3899 ubi
898 3847 1019 3901 natalem
1043 3847 1155 3900 Domini
1180 3846 1337 3914 celebravit,

224 3914 321 3970 deinde
334 3918 507 3986 Aquasgrani
525 3917 661 3987 perduxit.
693 3917 766 3982 Quae
783 3919 861 3971 verbe
879 3919 921 3970 hic
936 3925 1106 3986 praepostere
1124 3921 1227 3971 inserta
1245 3935 1337 3970 rerum
1354 3932 1379 3973 lo

254 3988 341 4040 dinem
359 3992 485 4050 turbarem
510 3992 545 4056 es,
564 3991 644 4054 infra
667 3989 752 4057 1223
776 3991 819 4044 ‘N.
837 3990 950 4042 Arthie’
969 3990 1077 4055 XXIV,
1098 4006 1128 4056 p.
1146 3991 1208 4045 417.
1245 3991 1338 4042 Etiam

298 4059 397 4113 'bacher
418 4079 461 4117 nr.
480 4063 596 4118 «socae
618 4062 660 4114 iric
684 4064 792 4116 erravit.
900 4060 945 4131 11)
973 4061 1016 4126 Cf.
1040 4077 1128 4128 supra
1150 4077 1179 4127 p.
1197 4063 1243 4127 84,
1265 4077 1293 4116 rr.
1311 4062 1337 4116 2.

318 4132 325 4145 “
347 4146 435 4198 supra
453 4150 483 4200 p.
503 4138 546 4202 33,
567 4135 628 4188 ta.
665 4133 759 4197 Soror,
777 4149 858 4199 quam
875 4132 998 4185 Karolus
1015 4148 1118 4198 mopere
1133 4135 1232 4199 ps'etate
1249 4133 1337 4194 soluit,
1408 4169 1410 4172 ψ

358 4203 381 4244 ’ἵ
407 4205 525 4258 &masis
552 4205 686 4257 abbatissa
714 4211 786 4264 er·et,·
813 4204 849 4267 of.
877 4204 960 4257 Binis.
986 4202 1015 4257 V.
1041 4203 1144 4255 Karolr'
1169 4203 1207 4258 Μ.
1238 4219 1260 4258 t.
1289 4205 1337 4269 183

394 4289 413 4329 s.
438 4276 620 4340 Balteehildr's,
648 4275 696 4330 SS.
721 4276 785 4340 XV,
811 4293 838 4342 p.
863 4277 932 4342 285,
961 4273 1078 4339 omne,
1103 4273 1204 4340 ‘Kenio
1228 4273 1337 4342 Pipps'n'
1355 4286 1380 4328 st

410 4350 430 4413 “3
452 4348 648 4400 Abel-Simeon
666 4346 707 4413 ΙΙ,
725 4363 755 4416 p.
774 4349 834 4401 317.
