2962 4942
225 432 258 485 12
364 424 545 482 ANNAIAES
564 424 788 480 METTENSES
806 424 977 482 uitiosus,
1008 425 1044 482 A.
1058 428 1119 483 696.
1138 429 1198 483 691.

152 617 214 672 687.
224 611 374 674 hostium
405 610 571 674 invadens
603 609 712 693 spolia
742 608 866 690 ampla,
898 610 972 674 Deo
1000 610 1150 692 gratiasa
1176 610 1339 687 referens,

223 700 293 764 suis
323 698 483 763 fidelibus
512 690 746 782 impertiturb.
791 697 955 761 Plurimie
991 701 1108 762 autem
1139 693 1200 762 crr⁰l
1231 699 1340 782 prelio

222 789 308 871 fuga
342 788 430 871 lapsi
465 786 616 869 peclesiis
655 790 691 850 et
726 787 940 850 monasteriis
975 791 1067 851 scse⁰
1106 787 1340 852 defendendos

225 877 455 941 crediderunt.
503 874 654 954 Quorum
680 868 848 938 murimaf
868 875 971 939 turba
994 877 1037 939 ad
1062 875 1156 940 beati
1180 874 1340 954 Quintini

223 965 373 1029 martiris
411 964 532 1028 limina
542 965 562 1040 1,
598 963 757 1027 nonnulli
796 965 840 1027 ad
875 964 1083 1028 Perronam²
1118 964 1337 1029 Scottorumg
1362 988 1376 1027 s

222 1054 478 1130 monasterium,
510 1055 547 1116 in
571 1073 638 1137 quo
662 1053 783 1118 beatus
808 1053 956 1117 Furseus
981 1073 1121 1137 corpore
1143 1054 1337 1136 requiescit,

223 1143 424 1226 confugium
447 1142 637 1206 fecerunta
684 1134 772 1205 Proh
797 1142 921 1224 quibus
944 1144 985 1204 ut
1007 1136 1259 1206 interventumi
1287 1147 1340 1207 est

224 1231 267 1295 ab
291 1231 475 1295 abbatibus
499 1230 652 1295 locorum
676 1230 824 1308 illorum,
856 1231 1057 1294 mitissimus
1080 1232 1239 1315 princeps
1262 1232 1339 1316 Pip-

150 1372 151 1375 ,
222 1321 333 1405 pinus,
359 1321 509 1403 acceptis
533 1321 575 1384 ab
599 1320 653 1383 his
677 1320 918 1385 tantummodo
942 1321 1173 1396 sacramentis,
1205 1321 1340 1384 eunctis

222 1410 329 1473 vitam
354 1412 390 1473 et
405 1408 635 1477 hereditatem
652 1409 803 1472 donavit.
839 1408 1088 1491 Proiectusque
1110 1402 1214 1472 indek
1233 1409 1339 1473 Theo·
1358 1431 1384 1470 ιο

223 1498 375 1561 derisum
398 1498 592 1581 fugientem
616 1498 833 1581 persequitur
863 1491 915 1562 etl
946 1498 991 1561 ad
1020 1497 1172 1561 Parisius
1202 1519 1310 1580 usque
1318 1493 1340 1536 ¹*

223 1587 397 1650 civitatem
433 1587 599 1670 pervenit.
654 1585 790 1664 (pluamm
821 1586 1017 1650 subditione
1055 1587 1092 1649 in
1130 1589 1339 1670 potestatem

54 1675 432 1751 aerisaredaetamn,
457 1685 682 1740 Theodericum
705 1695 839 1757 quoque
862 1687 1015 1755 recipiens,
1038 1695 1081 1739 ne
1105 1675 1334 1740 tirannidem⁰

221 1764 398 1827 rideretur
421 1783 577 1827 exercere
600 1762 675 1826 vell
703 1764 859 1827 sevitiam
868 1763 890 1840 4,
916 1785 1041 1829 nomen
1064 1764 1151 1827 sibit
1178 1765 1267 1847 regis
1291 1765 1339 1827 in-

223 1851 431 1916 estimabili⁵
462 1851 616 1935 pietate6
645 1853 841 1916 reservavit.
889 1852 968 1936 Ipse
1002 1873 1083 1916 vero
1117 1859 1216 1916 totius
1250 1861 1338 1935 regni
1358 1873 1384 1913 rs

222 1946 435 2022 gubernacula
463 1947 691 2022 thesaurosque
721 1947 822 2022 regios
852 1943 888 2005 et
914 1942 1065 2005 universi
1089 1942 1259 2006 exercitus
1283 1943 1338 2007 do·

223 2029 447 2094 minationem
481 2030 639 2114 propriae
673 2029 853 2093 facultatis
887 2031 982 2093 iurer
1018 2030 1230 2113 disponenda
1259 2032 1338 2095 reti·

222 2120 334 2181 nuit⁸.

151 2220 212 2273 687.
328 2204 460 2290 Igiturt
491 2229 580 2272 anno
612 2208 655 2271 ab
678 2208 916 2272 incarnatione
940 2208 1070 2271 domini
1099 2209 1230 2272 nostriu
1257 2208 1338 2272 Iesu

223 2295 353 2360 Christi
364 2295 712 2380 DCXCI.⁷Pippinus
722 2297 931 2380 singularem
940 2297 1150 2361 Francorum
1160 2297 1334 2361 obtinuiti'
1356 2319 1383 2357 so

222 2385 464 2468 principatum,
489 2386 718 2468 correctisque
735 2385 893 2449 omnibus
908 2386 1147 2469 pravitatibus,
1172 2391 1284 2468 quaeW
1300 2386 1337 2448 in

221 2473 291 2536 illis
315 2474 471 2557 partibus
494 2494 555 2556 per
578 2475 804 2557 cupiditatem
824 2477 859 2539 et
881 2474 1101 2557 iniquitatem
1117 2475 1333 2559 principum¹

222 2567 303 2646 pery
323 2562 450 2626 multos
469 2583 576 2626 annos
595 2562 826 2640 adoleverant,
844 2566 1004 2627 cunctam
1023 2563 1119 2626 illam
1137 2564 1284 2647 patriam
1300 2564 1337 2626 in

223 2650 352 2714 Christi
368 2651 506 2714 servitio
518 2652 697 2715 florentem
711 2653 1031 2735 pacatissimamque
1042 2653 1229 2716 reddidit2.
1261 2653 1333 2715 Ex⁸

222 2741 286 2804 hoc
300 2760 381 2823 ergo
393 2744 547 2824 tempore
559 2740 628 2802 iam
643 2761 714 2803 non
726 2742 768 2804 de
780 2740 977 2824 principatu
987 2741 1207 2818 Francorum,
1222 2742 1282 2805 sed
1294 2742 1336 2805 de
1355 2760 1382 2800 ss

222 2831 432 2893 diversarum
456 2829 613 2912 gentium
632 2829 871 2912 adquisitione,
896 2850 983 2911 quae
1005 2830 1179 2912 quondam
1195 2830 1336 2894 Francis

222 2919 396 2982 subiectae
426 2918 578 2993 fuerant,
609 2918 760 2981 invieto⁸
789 2918 936 3002 principi
968 2922 1141 2983 certamen
1171 2919 1335 2996 instabat,

221 3007 257 3069 id
281 3010 333 3071 est
356 3010 476 3071 contra
493 3006 652 3084 Saxones,
677 3007 859 3082 Frisiones‚
884 3007 1103 3084 Alamannos,
1129 3001 1335 3085 Bawariosb‚

221 3195 243 3247 a)
256 3202 330 3245 grates
344 3198 393 3236 Ar.
449 3199 471 3248 b)
486 3199 568 3246 inpert.
583 3198 636 3247 1313
652 3198 771 3246 inpertitus
785 3199 834 3240 A2.
888 3197 908 3247 c)
924 3198 1021 3246 plurima
1035 3198 1083 3240 As.
1140 3197 1163 3249 d)
1178 3209 1206 3238 ex
1221 3221 1245 3227 -
1260 3208 1337 3238 mona-

221 3251 295 3289 steriis
310 3262 351 3289 om.
363 3252 409 3292 Aa.
465 3252 485 3300 e)
500 3262 524 3290 se
538 3252 585 3289 ΑΞ.
640 3249 847 3303 nmaxiimaxima,
857 3252 923 3299 prius
937 3262 989 3290 max
1002 3262 1088 3290 erasum
1101 3251 1148 3292 Bi.
1199 3254 1220 3303 g)
1234 3253 1336 3300 onam
1355 3255 1382 3294 60

221 3303 337 3343 Scotorum
351 3304 400 3342 Β1.
464 3305 487 3354 h)
507 3305 551 3343 Pro
567 3326 591 3332 -
606 3303 698 3344 donavit
713 3315 755 3347 om.
769 3306 818 3345 Aa
856 3334 859 3341 .
883 3303 899 3354 i)
918 3306 998 3352 quihus
1012 3307 1140 3344 interuentu
1155 3307 1281 3355 (sequuntur
1294 3309 1337 3343 tres

221 3358 304 3395 litterae
317 3361 400 3405 erasae)
415 3357 502 3396 abbatis
517 3360 591 3403 (manu
607 3359 736 3397 comestoris
749 3359 793 3396 alio
807 3361 886 3397 atram.
897 3369 952 3400 corr.
962 3359 1053 3409 abbani)
1063 3357 1115 3399 locu
1127 3361 1201 3406 (manu
1211 3359 1337 3397 correctoris

221 3411 359 3450 olisatrum.
376 3421 434 3449 corr.
449 3412 560 3460 locorum)
576 3412 625 3450 Β1.
694 3411 717 3461 k)
737 3409 838 3460 Indeque
857 3412 970 3460 proiectus
989 3414 1038 3453 Aa
1107 3412 1123 3464 l)
1143 3424 1182 3454 om;
1201 3413 1250 3452 Aa
1267 3409 1337 3450 -ad

220 3473 262 3501 om.
277 3464 325 3504 Β1.
388 3463 416 3513 l*)
435 3474 505 3520 usquq
520 3465 569 3503 Aa
636 3465 665 3514 m)
684 3465 757 3512 Quam
771 3486 796 3493 -
810 3463 925 3504 redactam
939 3476 981 3504 om.
996 3467 1046 3504 At.
1109 3466 1133 3516 n)
1152 3463 1271 3505 redactam
1285 3465 1335 3504 Al.

221 3515 242 3566 o)
258 3514 405 3555 tirrannidem
419 3517 471 3566 A2;
487 3518 626 3567 tyrannicam
636 3519 688 3559 Gen.
698 3518 755 3566 Dap.
808 3519 833 3567 p)
849 3529 890 3559 orn.
904 3518 952 3558 Aa
966 3519 1019 3560 Gen.
1030 3520 1099 3567 Dap,;
1113 3519 1149 3558 vel
1159 3519 1224 3561 sevit.
1235 3529 1277 3557 om.
1287 3519 1307 3556 B
1316 3520 1336 3560 1.
1356 3519 1382 3560 86

221 3570 243 3618 q)
262 3570 308 3608 illi
322 3571 370 3611 Β1.
437 3571 456 3620 r)
475 3571 506 3607 ita
524 3571 574 3611 Al.
591 3571 639 3613 Β1.
658 3571 795 3619 oen‚1)ap.‚·
813 3572 920 3610 laenitate
938 3583 993 3611 suae
1011 3574 1060 3611 Aa.
1129 3575 1148 3621 s)
1168 3573 1267 3611 retenuit
1285 3571 1335 3612 ss.

219 3622 262 3660 Hic
276 3624 298 3660 in
312 3624 383 3670 spatio
393 3628 486 3672 propter
499 3625 561 3671 finem
575 3626 628 3663 anni
641 3636 709 3663 vacuo
721 3625 794 3663 relicto
804 3636 878 3673 pauca
888 3625 951 3662 verba
960 3637 1027 3663 manu
1037 3626 1156 3675 posteriori
1166 3626 1249 3674 addita,
1260 3626 1337 3663 exinde

220 3686 283 3714 erasa
298 3677 348 3727 Ar,
368 3688 458 3725 quorum
477 3682 547 3715 tamen
566 3682 661 3716 extrem
680 3675 708 3716 do
725 3675 782 3716 duce
801 3678 871 3716 aditus
890 3679 932 3726 lapi
950 3683 1041 3727 qucum
1061 3679 1090 3726 cf,
1108 3679 1169 3726 infra
1184 3683 1235 3728 post
1253 3691 1274 3721 α,
1287 3678 1334 3720 691.

220 3729 237 3780 t)
257 3730 328 3778 Igitur
343 3751 367 3758 -
382 3729 478 3771 DCXCI.
494 3742 535 3772 om.
548 3731 598 3769 Al.
680 3731 703 3782 u)
722 3732 794 3770 nostri
808 3731 860 3770 Iesu
874 3730 926 3770 Chr.
942 3743 983 3771 om.
998 3733 1047 3771 Bi.
1129 3731 1152 3782 v)
1172 3732 1269 3781 optinuit
1287 3732 1337 3774 Ar.

220 3783 249 3832 w)
268 3794 312 3831 que
326 3781 368 3834 (q3)
382 3784 431 3825 As.
500 3785 523 3834 r)
543 3783 677 3833 principium
695 3785 745 3824 Aa
813 3787 835 3834 y)
854 3794 972 3833 perversu
985 3789 1073 3824 exeunte
1087 3786 1131 3823 iam
1145 3786 1187 3834 lapi
1201 3786 1272 3834 nequit
1285 3786 1334 3826 Aa.
1355 3785 1382 3825 tc

220 3836 239 3886 z)
260 3838 482 3885 peccatissimamquc
503 3834 591 3878 rirdldit
611 3838 663 3876 Aa
745 3837 766 3888 a)
788 3837 824 3876 Elx
843 3859 867 3866 —
887 3838 1009 3878 extiterant
1030 3842 1062 3887 (p.
1082 3839 1119 3887 13,
1141 3839 1198 3886 1.,6)
1220 3850 1261 3880 om.
1283 3839 1303 3876 A
1316 3839 1336 3877 2.

219 3891 241 3940 b)
256 3891 397 3929 baiouuarios
412 3891 432 3928 B
442 3894 460 3931 1.

220 4041 246 4109 1)
267 4042 494 4104 Sciat-Queatia.
531 4042 644 4093 Bonaeil
660 4041 677 4095 l.
695 4042 710 4095 l.
727 4058 757 4108 p.
775 4044 835 4096 177.
853 4042 988 4093 abbatiam
1006 4045 1103 4094 montis
1121 4043 1149 4095 S.
1164 4043 1287 4107 Quintini
1304 4042 1337 4092 ab

219 4114 343 4178 aquilone
360 4114 496 4164 Personae
514 4113 648 4178 intellcpit.
732 4112 760 4181 2)
779 4113 900 4166 Pironne
918 4114 1054 4178 (Summe).
1139 4115 1167 4183 3)
1186 4115 1233 4166 Ita
1251 4114 1340 4165 nostri

218 4185 365 4248 aliquando
372 4201 382 4244 ;
400 4186 435 4248 cf,
448 4187 526 4248 infra
545 4200 571 4238 a.
585 4186 645 4238 749.
659 4187 719 4239 751.
734 4187 793 4240 765.
807 4187 867 4239 782.
940 4187 967 4251 4)
982 4185 1024 4248 Cf.
1037 4201 1123 4251 supra
1138 4203 1167 4252 p.
1181 4188 1207 4250 8,
1224 4187 1241 4240 l.
1256 4185 1337 4240 9.10.
1355 4199 1385 4239 46

219 4256 246 4319 5)
264 4256 404 4320 Of.supi·a
419 4255 575 4320 p.1,i.12.
639 4256 666 4322 6)
684 4255 991 4324 Cf.suprap.6,l.10.
1053 4259 1080 4318 7)
1100 4255 1219 4308 Revera
1237 4273 1263 4310 a.
1276 4258 1338 4311 687.

219 4341 304 4375 mense
317 4326 397 4376 luicio
416 4326 485 4376 bunc
499 4328 687 4392 principatum
702 4329 844 4394 suscepisse
856 4327 975 4392 videtum
992 4329 1027 4392 cf.
1039 4327 1159 4394 Krusch,
1179 4328 1227 4382 SS.
1245 4343 1338 4380 rorum

219 4395 317 4448 Meros.
338 4395 378 4460 ΙΙ,
401 4413 431 4461 p.
450 4399 510 4461 322,
531 4414 557 4450 a.
577 4400 601 4451 5.
674 4399 702 4464 8)
724 4398 766 4463 Cf.
785 4413 873 4464 supra
892 4414 921 4463 p.
941 4400 966 4463 5,
986 4414 1012 4451 a.
1033 4400 1058 4453 l.
