2962 4942
210 434 248 488 24
388 427 569 484 manas
585 428 813 484 mmm
830 427 1002 484 mouns
1030 430 1068 484 Δ.
1081 432 1142 485 717.

141 618 306 677 elamore
329 613 496 675 maiorum
519 611 654 695 legatos
682 633 762 674 suos
791 612 836 674 ad
860 611 1098 694 Hilpericum⁸
1126 613 1256 694 dirigit,
1287 632 1328 676 ea

211 722 300 785 quae
322 702 416 784 pacis
439 701 543 763 snnt¹
565 700 756 783 postulans
794 700 840 762 Bt
862 721 907 764 ne
929 701 1021 764 forte
1040 700 1207 764 nobilium
1225 701 1329 764 Fran·

212 811 329 855 corum
363 810 466 854 cruor
497 790 591 852 inter
623 788 703 852 illos
736 789 974 853 effunderetur
983 790 1005 861 ²,
1043 795 1227 872 paternum
1261 790 1329 853 sibi

212 879 335 944 suadet
357 879 544 943 restaurari
567 878 808 960 principatum.
855 878 1146 960 Compertumque
1168 879 1329 942 omnibus

129 961 320 1044 mamb,
355 967 547 1051 genitorem
580 987 681 1029 suum
715 966 918 1048 ‘Pippinum
948 987 1068 1030 omues
1096 967 1362 1031 occidentaless

212 1057 381 1120 Francose
409 1055 491 1119 olim
523 1076 603 1119 cum
631 1055 770 1118 iusticia
799 1059 836 1118 et
864 1056 996 1138 pietate
1027 1056 1234 1125 dominasse,
1265 1076 1329 1120 nec

211 1144 313 1209 illam
336 1145 467 1226 aliquid
491 1144 589 1207 aliud
610 1143 796 1226 postulare,
820 1145 888 1206 nisi
909 1148 951 1206 ut
974 1149 1126 1226 preesset
1147 1145 1213 1216 his,
1243 1165 1330 1226 quos

212 1237 312 1317 pater
335 1254 418 1296 suus
440 1233 614 1315 quondam
644 1233 737 1295 iusta
766 1232 899 1296 ditione
928 1229 1181 1315 gubernabat¹.
1226 1232 1329 1311 Quod
1354 1271 1358 1277 -

211 1327 254 1386 nt
283 1322 417 1386 audivit
444 1321 662 1406 Hilpericus⁸
691 1325 727 1384 et
753 1321 989 1404 Regiufridus,
1020 1343 1146 1405 magna
1173 1322 1330 1404 indigns·

212 1412 309 1476 tione
345 1410 502 1495 repleti³,
541 1431 611 1473 nou
648 1410 761 1473 solnm
798 1410 865 1472 sibi
902 1411 969 1474 boc
1006 1411 1190 1494 imperium
1231 1412 1377 1475 denen

213 1501 354 1584 gabant,
373 1500 444 1574 aed,
468 1499 580 1581 quode
600 1499 668 1562 sibi
690 1520 732 1562 ex
751 1503 897 1581 paterno
910 1500 1109 1623 principatu
1125 1500 1330 1581 contigerat,

216 1590 224 1602 .
428 1589 436 1602 .
558 1589 566 1601 .
595 1588 604 1601 .
739 1588 753 1624 4
1127 1589 1135 1601 .
1232 1589 1240 1600 .

212 1587 934 1759 iffissssissa'ssssifnfflafflt
955 1588 1332 1741 riiffluffiai‘}

214 1765 380 1829 iudicium
404 1765 538 1829 subiret
546 1764 569 1839 ⁵,
599 1765 735 1846 etquis
760 1765 923 1846 deinceps
952 1785 1099 1849 regnum
1122 1766 1331 1830 Francorum

213 1873 333 1936 regere
356 1853 508 1928 deberet,
532 1853 650 1916 divina
672 1857 826 1936 potestas
856 1853 1059 1918 declararet.
1104 1853 1182 1932 Quo
1211 1855 1333 1918 audito
1351 1874 1377 1916 ιε

215 1935 381 2012 Carolus¹¹
407 1943 567 2025 princeps
596 1941 743 2005 ducibus
765 1946 802 2005 et
824 1943 1051 2024 optimatibus
1073 1943 1212 2026 superbi
1242 1944 1333 2026 regis

215 2052 417 2115 responsum
439 2030 642 2094 manifestat
651 2030 673 2105 ⁶,
704 2031 770 2112 ipsi
799 2051 881 2094 vero
910 2031 1017 2095 alacri
1046 2033 1162 2095 animo
1191 2032 1333 2108 bellum,

214 2120 308 2203 quod
340 2141 401 2185 rex
436 2119 607 2194 edixerat,
643 2139 723 2182 cum
753 2119 820 2182 Dei
849 2120 980 2184 auxilio
1013 2120 1229 2185 committere
1263 2142 1333 2183 non

94 2227 160 2266 nart-
170 2226 204 2266 ²1·
214 2203 437 2274 tardabant¹.
490 2203 671 2272 Crastinok
695 2209 815 2290 itaque
837 2208 904 2284 die,
936 2229 1014 2272 cum
1044 2209 1097 2273 sol
1126 2210 1203 2273 orbi
1230 2209 1335 2273 reful-

215 2291 342 2369 serat¹,
380 2302 528 2380 uterque
565 2298 736 2361 exercitus
773 2318 843 2360 uon
881 2318 969 2380 equa
1007 2298 1233 2361 multitudine
1271 2318 1334 2362 nec
1352 2320 1380 2359 aa

216 2387 362 2450 audacia
385 2387 459 2450 acie
484 2389 642 2450 conserta
669 2389 812 2470 paratus
842 2386 912 2449 adm
935 2386 1066 2451 bellum
1097 2388 1302 2451 constiterat
1312 2386 1335 2446 ⁷.

216 2475 306 2538 Nam
334 2474 553 2557 Hilpericus¹1
581 2495 659 2538 cum
688 2475 957 2538 innumerabili⁸
985 2477 1148 2552 exercitu,
1180 2476 1240 2539 sed
1263 2474 1335 2538 vul-

115 2603 120 2612 ,
216 2565 292 2646 gari
315 2564 454 2645 quidem
477 2564 662 2626 commixta
693 2562 804 2645 plebe,
836 2557 973 2627 Caroli¹¹
1000 2565 1187 2628 adveutum
1218 2584 1336 2647 expec-

216 2653 332 2729 tabat;
372 2644 538 2714 Carolush
576 2673 656 2715 vero
694 2653 854 2734 princeps
888 2674 965 2717 cum
1004 2653 1158 2736 pauciori
1196 2653 1335 2736 quidem

218 2742 364 2824 agmine,
399 2739 460 2803 sed
490 2741 739 2822 probatissimis
769 2742 813 2804 ad
844 2745 1018 2805 certamen
1048 2741 1130 2804 viris
1160 2743 1269 2806 aciem
1299 2742 1336 2804 in
1354 2762 1381 2802 aa

68 2832 353 2895 c‚rr.c.1o.hostem
377 2828 559 2912 dirigebat.
606 2833 784 2892 Commissa
805 2840 986 2893 astantem
1008 2838 1042 2892 in
1064 2837 1119 2893 illa
1148 2837 1199 2894 die
1228 2837 1337 2894 crude

218 2926 338 2981 lissima
375 2941 488 2999 pugna.
548 2917 644 2996 Quae
679 2918 739 2981 diu
773 2919 837 2982 sub
875 2919 1009 2984 incerta
1047 2921 1138 2983 sorte
1172 2919 1337 2983 victoriae

218 3011 365 3089 utraque
381 3026 423 3070 ex
444 3010 541 3089 parte
558 3006 769 3070 dimicavit0.
808 3004 968 3070 Tandem*
983 3019 1185 3071 succurrente
1201 3001 1334 3071 Caroloh

332 3162 358 3229 *)
381 3160 453 3214 enim
472 3160 636 3231 ambiguitas
654 3161 696 3213 sui
712 3163 794 3228 (mel)
813 3163 875 3217 add.
895 3163 920 3214 B
932 3164 955 3217 1.

220 3309 242 3352 a)
260 3305 333 3351 chilp.
353 3304 401 3341 151.
484 3305 506 3353 b)
525 3301 579 3343 dicit
593 3315 659 3341 manu
672 3306 800 3342 cmreetorr'e
812 3309 863 3353 poet
877 3305 928 3343 aaa.
943 3304 992 3343 Bl.
1075 3306 1096 3354 c)
1114 3306 1217 3344 omnibus
1234 3302 1338 3344 occiden-
1356 3305 1384 3344 ω

221 3359 304 3397 talibus
318 3357 410 3396 Francis
424 3357 473 3395 131.
533 3357 556 3407 d)
569 3357 738 3407 guberuauerat
751 3358 798 3396 Bl.
858 3360 880 3408 e)
893 3358 921 3396 id
935 3356 996 3406 qnod
1009 3358 1056 3399 131.
1115 3359 1277 3407 Oillnmque
1290 3359 1338 3398 nl.

221 3413 242 3461 g)
257 3421 351 3449 ammon.
366 3410 413 3451 131,
466 3410 488 3459 b)
503 3410 556 3451 Kar.
572 3410 593 3448 B
600 3412 619 3449 1.
671 3413 687 3460 i)
702 3408 806 3449 tardabat
819 3411 866 3450 131.
917 3410 942 3460 k)
956 3424 968 3449 r
981 3413 1004 3448 in
1018 3413 1128 3451 laceram
1142 3412 1189 3450 Bi.
1240 3411 1256 3456 1)
1271 3412 1339 3450 retul-

220 3465 287 3502 sisset
300 3464 346 3502 Bl.
402 3466 431 3513 m)
446 3464 474 3502 ab
490 3475 547 3502 amr.
562 3461 592 3502 ad
606 3464 654 3503 131.
708 3466 731 3513 n)
746 3466 779 3501 nte
792 3465 813 3506 Ιι,
827 3465 841 3504 l.
857 3465 905 3504 Al.
920 3465 967 3504 131.
1023 3466 1045 3514 o)
1061 3465 1092 3502 ita
1106 3466 1154 3507 Al,
1167 3465 1219 3512 313
1234 3464 1340 3503 militavit

224 3518 307 3555 Vedaat.

221 3625 325 3689 tepatm,
344 3624 493 3690 leyatmam
511 3624 591 3675 verba
609 3624 640 3675 de
657 3639 752 3675 cruore
770 3624 899 3675 nobilium
911 3624 1083 3676 Francorum
1101 3641 1155 3676 non
1170 3624 1340 3688 effundendo,
1358 3640 1384 3682 ss

217 3712 279 3762 pac
296 3700 403 3760 nepeta,
422 3694 565 3762 Cbilperaei
582 3696 673 3761 captiae
699 3697 855 3746 innumerae
879 3695 925 3746 md
949 3697 1130 3760 inordinatae,
1155 3697 1222 3747 socii
1239 3695 1342 3746 Karoli

217 3769 302 3833 penei
330 3773 354 3818 et
384 3768 492 3833 optimi,
524 3767 610 3818 eodem
640 3766 698 3828 fere
727 3767 804 3817 medo
832 3782 920 3832 supra
949 3769 978 3817 in
1008 3783 1120 3833 pugnae
1151 3767 1342 3818 Taetrteianaa

221 3838 393 3903 descriptione
418 3838 585 3900 referuntur,
607 3838 650 3899 ¹ita
675 3842 705 3886 nt
730 3836 772 3887 nic
796 3837 938 3888 historiam
962 3839 1045 3902 legere
1068 3854 1123 3890 non
1147 3839 1217 3888 mini
1239 3839 1340 3891 videar.

223 3909 357 3962 PERTZ.
395 3908 488 3959 Pacem
514 3924 532 3957 a
551 3908 657 3959 Karolo
677 3907 853 3973 postulatam,
877 3908 911 3958 ab
937 3910 1105 3962 admrcaria's
1129 3915 1255 3974 nepetam
1279 3923 1341 3972 esse,

222 3983 300 4031 ettam
321 3980 401 4031 biber
417 3979 479 4031 nist.
493 3979 665 4029 Franemam
683 3993 704 4032 a
717 3981 761 4033 53.
779 3979 871 4040 refert.
936 3979 963 4047 1)
983 3979 1025 4043 Gt.
1044 3980 1109 4034 [aa
1130 3983 1173 4045 14,
1186 3982 1237 4045 323
1254 3995 1342 4045 supra
1358 3995 1386 4035 aa

220 4069 247 4116 p.
267 4054 292 4114 9,
321 4068 346 4103 n.
367 4053 391 4104 6.
493 4050 521 4118 2)
542 4050 583 4114 Os.
602 4066 689 4116 supra
711 4066 741 4116 p.
764 4052 790 4115 9,
810 4051 829 4100 l.
847 4053 965 4118 23⁸qq,.·
988 4050 1017 4102 in
1040 4065 1094 4118 quo
1112 4049 1295 4103 nobilissimus
1314 4052 1343 4102 et

223 4126 354 4189 cognatus
384 4119 493 4188 sanguis
525 4118 695 4172 Francorum
726 4120 775 4172 sub
806 4119 911 4174 incerto
941 4121 1008 4174 belli
1037 4121 1142 4189 impetu
1172 4119 1342 4174 funderetur.

223 4199 249 4258 3)
270 4194 312 4255 (Ι),
332 4208 419 4257 snpra
437 4209 466 4257 p.
486 4194 511 4256 2,
531 4193 548 4245 l.
568 4194 592 4246 9.
682 4191 710 4261 4)
730 4191 809 4243 Hane
826 4194 996 4245 narrationis
1013 4198 1121 4244 nostrae
1134 4198 1242 4258 partem
1261 4191 1293 4246 L.
1311 4193 1343 4243 de

223 4264 318 4314 ltanlce
333 4265 350 4316 t,
365 4264 380 4315 t.
397 4264 426 4327 V,
438 4266 463 4326 1,
476 4279 504 4328 p.
519 4265 616 4329 atteq.
633 4265 741 4315 minime
751 4265 936 4330 spernendam,
950 4267 1031 4315 imma
1043 4267 1137 4330 magni
1147 4263 1343 4315 aestimandam
1460 4303 1462 4307 ,

223 4341 311 4386 mmet.
403 4334 430 4401 5)
458 4334 501 4396 Of.
527 4350 613 4400 supra
636 4351 665 4401 p.
684 4337 711 4400 8,
736 4335 752 4388 l.
772 4337 821 4401 283
847 4337 924 4400 infra
950 4351 975 4388 a.
995 4337 1056 4392 743.
1146 4334 1174 4402 θ)
1198 4334 1238 4398 Ci‘.
1257 4349 1343 4400 tupra
1360 4349 1388 4390 45

223 4424 249 4471 p.
260 4408 285 4467 7,
302 4405 319 4457 l.
334 4406 375 4458 16.
443 4405 469 4471 7)
491 4405 830 4472 Cf.euprap.10,l.12.
849 4408 890 4461 13.
957 4405 985 4473 8)
1005 4405 1047 4469 Cf.
1065 4421 1151 4473 supra
1164 4421 1195 4471 p.
1209 4407 1251 4472 10,
1268 4405 1286 4458 l.
1300 4406 1342 4459 14.
