2962 4942
285 432 466 488 munnae
484 427 708 490 marrenses
726 416 964 490 arroensis.
978 424 1133 492 rat—tor.
1230 436 1266 492 ss

149 628 230 680 vero,
261 609 370 664 afflictis
396 628 495 681 magna
525 628 561 664 ex
590 615 669 679 parte
696 610 851 665 Saxonibus
878 610 1026 679 corumque
1056 615 1131 664 terra
1160 588 1374 696 vastata3495·„

150 698 324 767 acceptisque
350 715 445 752 eorum
472 699 620 766 obsidibus,
648 699 677 753 in
704 698 808 753 Gallias
834 699 923 767 rediit,
951 702 980 754 et
1006 699 1035 753 in
1061 699 1167 769 palacio
1195 701 1262 768 qui⁸
1296 668 1333 697 .r.
1374 684 1380 698 ⁶

149 792 264 841 vocatur
281 786 370 855 Aquis
387 788 507 840 natalem
524 787 636 841 Domini
655 788 802 842 celebravit
820 793 849 841 et
865 788 966 856 pascha
983 787 1116 844 similiter.
1274 763 1351 883 {eff}

257 875 379 930 Annob
401 875 605 930 dominicae
626 874 898 930 incarnationis
916 874 1089 932 DOOXOVI.
1126 865 1380 932 Adriannssmldr.

119 964 336 1033 spapsobiit1,
355 968 382 1018 et
401 964 468 1033 Leo,
492 982 559 1018 mox
583 968 615 1017 ut
640 965 669 1018 in
693 965 785 1019 locum
811 965 869 1018 eius
893 964 1028 1031 successit,
1053 965 1178 1036 legatos0
1202 983 1266 1020 eum

149 1053 308 1106 muneribus
327 1053 362 1106 ad
380 1070 483 1123 regem,
502 1053 591 1107 claves
610 1053 694 1107 etiam
713 1053 890 1108 confessionis
907 1053 995 1109 sancti
1006 1052 1084 1107 Petri
1095 1057 1123 1107 et
1134 1053 1266 1108 vexillum

149 1140 293 1196 Romanae
323 1141 398 1194 urbis
429 1141 528 1196 eidem
549 1142 656 1197 direxit.
705 1140 760 1196 Sed
791 1145 819 1195 et
848 1140 976 1196 Heiricus
1003 1141 1061 1196 dux
1089 1141 1264 1212 lbi-tulensis,

149 1229 237 1282 missis
254 1228 411 1283 hominibus
428 1229 482 1283 suis
505 1247 567 1283 cum
583 1227 767 1284 Wanomiro(l
787 1228 885 1284 Sclavo
909 1230 938 1285 in
955 1230 1119 1300 Pannonias,
1137 1231 1265 1303 hringum

149 1318 239 1388 gentis
250 1318 415 1386 Avarorum,
434 1318 524 1388 longis
542 1321 617 1373 retro
636 1318 803 1388 temporibus
822 1320 955 1389 quietum,
974 1319 1048 1374 civili
1060 1320 1133 1374 bello
1145 1319 1265 1391 fatigatis

107 1425 132 1464 so
149 1407 223 1461 inter
240 1409 269 1460 se
287 1406 488 1476 principibuse,
507 1407 686 1476 spoliarit-
705 1407 811 1477 chagan
832 1408 888 1462 sive
913 1408 1011 1478 iuguro
1035 1408 1164 1463 intestina
1188 1409 1265 1463 clade

149 1496 265 1550 addictis
284 1500 312 1550 et
332 1499 348 1548 t
365 1496 420 1549 suis
439 1497 534 1550 occisis
552 1527 595 1565 -,
616 1496 775 1550 thesaurum
794 1497 946 1566 priscorum
964 1514 1061 1568 regum
1078 1497 1166 1551 multa
1190 1514 1265 1552 secu-

149 1579 239 1638 lorum
264 1584 422 1655 prolixitate
448 1586 593 1640 collectum
618 1584 719 1640 domno
744 1586 804 1657 regi
830 1585 927 1640 Oarolo
955 1585 991 1639 ad
1015 1585 1102 1655 Aquis
1129 1585 1265 1654 palacium

149 1673 231 1730 misit.
261 1673 323 1744 Quo
342 1679 465 1743 accepto,
482 1678 595 1743 peracta
605 1674 664 1728 Deo
683 1674 808 1744 largitori
826 1675 949 1729 omnium
966 1675 1103 1729 bonorum
1115 1674 1266 1744 gratiarum

149 1763 264 1832 actione,
283 1763 357 1817 idem
375 1764 418 1817 vir
436 1763 662 1833 prudentissimus
680 1767 763 1833 atque
781 1763 948 1833 largissimus
974 1767 1002 1817 et
1018 1763 1071 1818 Dei
1096 1762 1268 1832 dispensator

106 1868 131 1907 ts
148 1868 278 1922 magnam
295 1850 359 1905 inde
377 1856 484 1921 partem
502 1852 622 1907 Romam
640 1852 675 1906 ad
693 1853 789 1906 limina
807 1853 992 1921 apostolorum
1010 1851 1085 1906 misit
1102 1869 1153 1922 per
1167 1852 1266 1922 Augil-

148 1941 259 1995 bertum
277 1941 408 1995 dilectum
427 1942 556 1995 abbatem
574 1958 662 1998 suum.
698 1941 785 1995 Porro
803 1942 936 2010 reliquam
955 1944 1062 2010 partem
1081 1940 1265 2010 optimatibus,

149 2029 254 2084 clericis
279 2030 335 2083 sive
359 2029 443 2098 laicis,
469 2031 619 2099 ceterisque
644 2029 771 2085 fidelibus
789 2030 844 2083 suis
870 2030 985 2100 largitus
1012 2033 1062 2084 est.
1105 2029 1141 2083 In
1168 2030 1265 2083 eodem

149 2134 220 2171 anno
239 2118 328 2172 tudun
339 2119 489 2172 secundum
501 2118 729 2187 pollicitationem
742 2135 819 2172 suam
832 2136 895 2172 cum
907 2135 1007 2188 magna
1018 2121 1097 2188 parte
1108 2116 1265 2171 Avarorum

149 2206 184 2259 ad
202 2223 296 2276 regem
313 2206 397 2274 venit,
416 2209 445 2261 sd
463 2224 527 2263 cum
545 2207 648 2277 populo
666 2224 716 2261 suo
734 2211 763 2261 et
779 2205 890 2275 patrias
905 2205 990 2262 dedit.
1019 2205 1084 2276 Ipse
1103 2209 1131 2260 et
1148 2207 1265 2275 populus

105 2294 300 2364 rebaptizatus
319 2300 368 2364 est,
387 2300 415 2350 et
431 2295 581 2351 honorifice
599 2296 756 2350 muneribus
775 2295 870 2349 donati
887 2295 1037 2349 redierunt.
1066 2294 1128 2349 Rex
1144 2294 1265 2349 collectis

149 2383 314 2438 exercitibus
332 2385 386 2438 suis
405 2385 553 2440 Saxoniam
571 2384 708 2454 ingressus
726 2389 775 2453 est,
800 2384 889 2438 tilium
907 2402 986 2438 suum
1003 2383 1153 2454 Pippinum
1171 2401 1265 2454 regem
1373 2439 1376 2445 ,

148 2471 268 2528 Italiae&
289 2473 318 2527 in
335 2472 490 2528 Pannonias
515 2492 578 2528 cum
597 2473 718 2528 exercitu
735 2473 832 2530 misit.
869 2471 952 2527 (liuius
973 2473 1124 2544 legationes
1149 2472 1184 2527 ad
1202 2489 1266 2527 eum

148 2561 177 2615 in
196 2561 334 2616 eamdem
346 2560 500 2618 Saxoniam
517 2566 659 2630 venerunt,
677 2578 740 2631 una,
759 2560 849 2630 quaeh
866 2560 936 2616 dixit
954 2561 1103 2616 occurrisse
1122 2561 1148 2617 ei
1160 2560 1267 2630 chagan

150 2667 212 2704 cum
246 2650 344 2705 ceteris
378 2652 569 2722 optimatibus,
606 2649 702 2720 quos¹
739 2651 791 2706 sibi
820 2651 913 2705 Avari
948 2655 1010 2720 post
1046 2650 1266 2705 interfectionem

105 2753 132 2792 so
149 2738 272 2808 priorum
291 2740 505 2809 constituerunt3
531 2741 627 2809 altera,
648 2757 718 2809 quae
736 2740 808 2794 dixit
824 2739 975 2809 Pippinum
993 2756 1057 2794 cum
1075 2739 1199 2794 exercitu
1216 2754 1265 2792 suo

150 2827 179 2881 in
203 2826 302 2899 hringo
328 2829 429 2886 sedere.
472 2829 511 2884 ut
535 2830 652 2885 domnus
675 2848 725 2884 rex
749 2833 895 2900 peragrata
920 2828 1039 2883 Saxonis
1067 2845 1130 2881 cum
1157 2829 1265 2898 integro

151 2917 273 2971 exercitu
290 2918 319 2971 in
331 2916 434 2972 (tallias
451 2921 479 2972 se
497 2920 602 2989 recepit
620 2923 648 2973 et
665 2918 694 2973 in
706 2918 794 2988 Aquis
806 2918 913 2988 palacio
925 2917 1012 2972 filium
1024 2934 1104 2971 suum
1116 2915 1265 2986 Pippinum

150 3013 196 3059 ex¹
208 3004 349 3060 Pannonia
367 3007 527 3061 redeuntem
546 3011 575 3062 et
598 3011 706 3077 partem
732 3006 861 3076 thesauri,
887 3023 956 3075 quae
979 3008 1155 3074 remanserat,
1181 3004 1266 3059 addu-

151 3097 258 3149 centem
287 3095 358 3149 letus
394 3095 513 3165 aspexit,
551 3100 633 3165 atque
666 3096 768 3150 ibidem
798 3097 918 3151 natalem
948 3093 1059 3149 Domini
1095 3097 1129 3148 et
1164 3094 1266 3163 pascha

107 3195 133 3235 ao
150 3182 306 3241 celebravit.
970 3170 978 3181 ’
1275 3168 1367 3278 Ξ97·”

256 3271 375 3326 annot
395 3272 586 3330 dominicae
610 3272 859 3328 incarnationis
879 3270 1070 3329 mcxcvss.
1111 3249 1382 3333 Bnoinonaffllrr'.

151 3358 244 3413 civitas
271 3360 438 3432 Hispaniae,
467 3379 537 3431 quae
562 3362 689 3432 prideml
721 3365 737 3416 t
763 3361 842 3416 nobis
869 3361 1053 3431 demicortem,
1080 3360 1189 3417 reddita
1216 3365 1264 3423 est.

150 3448 222 3503 Nam
247 3451 305 3520 ipse
330 3450 365 3504 ad
389 3451 526 3521 palacium
550 3451 662 3506 veniens
689 3451 836 3506 dominio
863 3450 963 3522 regisn
988 3451 1164 3520 semetipsum
1188 3453 1359 3517 ‘summata

151 3537 260 3592 civitate
288 3539 498 3595 commendavit.
541 3540 691 3610 Expeditio
718 3540 791 3594 iacta
816 3539 846 3594 in
873 3539 1036 3608 Saxoniam,
1064 3543 1092 3594 et
1118 3555 1203 3608 nsque
1231 3539 1265 3593 ad

106 3643 133 3684 aa
151 3643 299 3680 occeanum
317 3631 392 3682 trans
410 3645 504 3684 omnes
522 3629 636 3699 paludes
658 3634 685 3683 et
709 3629 783 3683 invia
807 3630 869 3683 loca
892 3628 1037 3684 transitum
1063 3633 1112 3684 est.
1155 3626 1192 3682 Et
1215 3645 1265 3682 rex

151 3715 185 3769 de
203 3714 402 3770 Hadulaha⁰·¹
419 3734 557 3788 regressus
571 3719 673 3774 -hoc
692 3719 764 3773 enim
782 3717 843 3774 loci
860 3735 962 3773 nomen
980 3721 1048 3786 est,
1067 3717 1115 3771 ubi
1133 3733 1266 3771 occeanus

151 3948 171 3998 ὃ)
192 3947 224 3986 itu
241 3948 306 3986 mam
325 3949 383 3988 Am·
402 3960 422 3992 r.
439 3949 478 3993 Fr.
544 3951 567 4002 b)
588 3951 655 3992 Anno
672 3971 700 3982 -
718 3949 855 3992 DOOXOVI.
876 3961 918 3990 oso.
938 3950 987 3992 Al.
1058 3949 1079 4000 c)
1100 3949 1161 3988 mtalt
1180 3948 1265 3995 lagatos

150 4002 207 4041 Ass.
217 4013 237 4042 r.
247 4002 286 4041 Fr.
337 3998 361 4053 d)
374 4002 504 4043 Wonomiro
517 4004 576 4044 Ana.
586 4015 606 4045 r.
616 4005 655 4045 Fr.
706 4005 727 4057 e)
741 4005 858 4055 pnolplbus
872 4004 952 4052 &rimo
965 4003 974 4041 i
986 4002 1163 4051 maritanda
1176 4000 1265 4048 omlsso)

149 4054 199 4095 λι.
281 4055 299 4106 t)
317 4055 365 4103 regi
379 4055 431 4096 add.
446 4056 503 4099 Ass.
516 4067 536 4096 r.
550 4057 590 4097 Fr.
671 4057 693 4109 ς)
712 4058 781 4097 itata
795 4058 840 4096 loco
859 4067 909 4095 raso
927 4056 977 4096 Aa.
1059 4055 1083 4106 h)
1102 4055 1196 4112 Unaqup
1214 4054 1264 4094 At.

104 4112 133 4153 40
150 4107 166 4159 i)
180 4118 247 4156 quem
260 4109 318 4147 Ans.
332 4119 353 4148 r.
367 4109 406 4148 Fr.
461 4109 485 4160 k)
499 4110 567 4150 Anno
580 4131 607 4140 -
620 4109 768 4154 nccxovn.
781 4122 823 4154 cm,
835 4111 856 4149 A
864 4112 883 4150 1.
937 4111 955 4157 l)
968 4108 1013 4148 tam
1026 4108 1114 4158 pridem
1126 4108 1184 4148 Anas.
1194 4117 1214 4149 r.
1224 4106 1264 4148 Fr.

149 4161 187 4253 {a}¹
194 4159 310 4254 dffiuerat
320 4162 370 4254 21.
423 4162 446 4213 ιι)
460 4163 491 4202 tta
504 4165 557 4215 Δις
571 4163 599 4211 cf.
613 4164 675 4212 tam
688 4161 994 4216 accuratissimorum.
1010 4162 1102 4213 Νη).
1154 4159 1265 4212 o)11adu·

158 4225 172 4254 o
187 4225 202 4254 a
250 4226 272 4256 n.
286 4225 306 4254 r.
354 4242 361 4256 .

151 4411 178 4478 1)
199 4412 260 4467 795.
278 4410 339 4464 Dec.
356 4413 399 4468 25.
470 4411 498 4482 2)
517 4412 626 4465 Hadcln
643 4413 779 4464 meridiam
796 4427 890 4465 vesus
907 4411 941 4464 ab
959 4413 1024 4466 ostio
1042 4410 1119 4464 Aba
1135 4410 1265 4478 fluminis.

203 4518 303 4559 Annales
316 4517 438 4560 lisitanae·
451 4520 546 4570 priores.
1037 4519 1054 4574 6
