2962 4942
209 434 228 488 8
388 428 568 484 multus
585 427 811 484 Murvunsas
829 426 1003 485 PRIORES.
1034 429 1069 484 A.
1089 432 1149 486 690.

141 620 204 675 687.
213 613 402 678 defensare.
458 611 661 695 Pippinus⁸,
702 615 843 695 accepto
879 613 899 674 a
934 611 1139 694 magistratu
1175 610 1326 687 consilio,

212 702 303 785 quod
327 701 419 785 apud
443 721 478 765 se
501 701 660 765 versabat
676 701 712 763 in
728 700 852 775 animo,
870 721 994 782 magno
1010 700 1163 784 repletus
1179 700 1329 784 gaudiol

212 791 399 856 exercitum
423 793 619 872 congregat,
644 809 711 871 quo
735 789 902 853 obstinati
925 789 1015 872 regis
1038 790 1240 853 iactantiam
1256 809 1328 872 pre·

211 879 355 944 veniret.
408 878 572 942 Adunato
601 878 710 960 igitur
744 877 896 941 exercitu
926 877 1094 961 Pippinus
1128 878 1173 942 ad
1204 877 1328 941 Oarbo·

211 968 344 1032 nariam
378 966 500 1031 silvam
538 967 710 1049 pervenit,
746 966 805 1048 qui
839 966 1007 1029 terminus
1041 969 1187 1050 utraque
1221 987 1360 1049 regnas

212 1049 410 1121 diviseratb.
467 1055 537 1119 Ubi
571 1055 785 1119 convocatis⁰
820 1050 1067 1138 optimatibusd
1101 1056 1188 1131 suis,
1223 1056 1328 1119 immo

212 1148 337 1210 cuncto
350 1145 512 1221 exercitu,
521 1144 748 1208 intentionem
762 1164 857 1207 suam
871 1143 1046 1207 succincta
1058 1143 1329 1208 conventione⁰‘²

210 1234 374 1298 innotuit.
411 1226 496 1296 ‘Nes
509 1232 584 1315 quis
596 1232 769 1310 vestrum,
782 1233 905 1315 inquit,
919 1232 1109 1296 ‘fortissimi
1120 1233 1195 1310 viri,
1210 1232 1328 1297 fideles

212 1322 280 1388 Dei
307 1322 451 1399 nostriff,
483 1321 671 1386 arbitretur
701 1342 754 1385 me
785 1314 1016 1386 tirannidemh
1042 1321 1079 1384 in
1109 1321 1174 1385 tali
1203 1322 1328 1385 itinere

212 1431 368 1477 exercere
405 1410 495 1475 velle
532 1404 605 1475 vel*
648 1411 827 1476 sevitiam3
864 1414 899 1474 et
937 1431 1007 1474 non
1046 1411 1160 1494 potius
1198 1409 1330 1493 triplici
1348 1433 1375 1472 ιο

211 1501 418 1566 necessitate
456 1502 595 1564 coactus
629 1520 689 1563 vos
727 1500 771 1562 ad
809 1498 881 1563 tale
920 1503 1093 1564 certarnen
1132 1519 1328 1582 provocare,

212 1583 384 1654 breviter-¹³
410 1609 464 1652 me
492 1587 691 1671 loquentem
715 1589 887 1652 attendite
911 1591 954 1665 et,
980 1588 1063 1670 quid
1087 1588 1131 1651 ad
1160 1581 1242 1651 hocl
1274 1608 1329 1652 me

212 1679 316 1760 cogit,
347 1677 482 1740 audite:
514 1676 654 1740 Excitor
684 1677 840 1760 inprimis
871 1675 1018 1759 querelis
1046 1677 1263 1741 sacerdotum
1293 1679 1328 1740 et

213 1786 386 1830 servorum
411 1765 486 1842 Dei,
512 1765 571 1847 qui
594 1785 648 1829 me
672 1765 786 1848 sepius
809 1766 1005 1841 adieruntffl,
1032 1768 1074 1827 ut
1097 1786 1158 1848 pro
1183 1765 1329 1829 sublatis

213 1855 342 1919 iniuste
365 1853 581 1938 patrimoniis
606 1853 826 1918 ecclesiarum
850 1857 992 1937 propter
1014 1875 1164 1918 amorem
1188 1854 1329 1918 Domini
1348 1875 1374 1916 rs

213 1943 297 2027 ipsis
325 1941 602 2026 interpellandon
628 1962 688 2005 seu
718 1943 843 2006 etiam⁰
873 1942 1069 2006 dimicando
1101 1943 1328 2008 subvenirem.

212 2025 279 2096 Pro
303 2031 428 2115 quibus
450 2051 512 2115 per
533 2031 767 2095 internuntios
791 2031 969 2095 humiliter
991 2032 1207 2114 frequentius
1223 2032 1329 2096 Theo·

212 2121 366 2186 doricum
409 2120 561 2197 exoravi,
605 2121 698 2184 unde
738 2119 867 2183 nichill'
905 2124 1041 2204 preterq
1079 2121 1251 2183 tumidum
1293 2124 1329 2184 et

213 2210 373 2294 superbia
395 2209 536 2294 plenum
560 2229 760 2293 responsum
783 2209 954 2293 reciperer
983 2209 1092 2274 merui
1101 2208 1124 2270 4.
1170 2209 1329 2274 Secunda

213 2318 316 2363 causa
332 2320 386 2363 me
403 2299 446 2361 ad
461 2298 569 2362 talem
585 2299 783 2382 provocavit
799 2297 960 2375 laborem,
975 2297 1142 2362 nobilium
1160 2298 1328 2380 siquidem
1348 2320 1375 2359 ac

213 2387 422 2450 Francorum
447 2388 490 2450 ad
514 2390 667 2450 nostram
691 2388 792 2451 fidem
817 2387 1093 2470 confugientium
1117 2386 1278 2450 lacrimae
1294 2390 1329 2450 et

212 2475 370 2559 gemitus,
396 2477 455 2558 qui
477 2478 550 2539 tot⁸
573 2475 809 2539 calamitatum
833 2476 1019 2558 angoribus
1042 2476 1150 2559 pressi
1174 2476 1327 2539 divinum

213 2560 365 2648 sempert
378 2585 440 2627 nos
453 2564 666 2628 arbitrantur
677 2565 822 2646 adipisci
834 2585 931 2649 posse
940 2565 1152 2647 suffragium.
1177 2565 1327 2640 Tertiau,

214 2655 294 2737 quia
318 2654 456 2737 expedit
479 2652 579 2716 nobis
603 2653 837 2735 superbissimi
860 2653 950 2736 regis
974 2654 1112 2718 obviare
1136 2653 1327 2730 sententiis,

214 2746 271 2807 etv
296 2742 526 2806 vastationem
556 2742 688 2825 patriae
718 2745 864 2818 nostrae,
890 2762 992 2824 quam
1016 2742 1168 2805 minatur
1190 2743 1327 2818 iniuste,
1348 2763 1374 2803 aa

212 2832 249 2894 in
285 2852 384 2894 suum
419 2830 559 2914 potiusW
583 2830 772 2894 auxiliante
807 2831 956 2894 Domino
992 2833 1229 2896 convertamus
1264 2831 1329 2895 exi·

212 2922 335 2997 tium¹,
366 2923 551 3002 nostraque
581 2919 720 3001 regione
749 2919 943 2984 incolumey
973 2921 1087 3004 ipsum
1115 2920 1153 2982 in
1183 2920 1328 3003 propriis

214 3009 352 3073 sedibus
376 3012 603 3093 arrogantem,
628 3008 794 3072 iudicium
814 3008 954 3071 Domini
977 3009 1126 3072 subituri
1136 3008 1157 3086 ⁵,
1182 3009 1330 3092 requira-

214 3098 324 3173 mus⁶3
350 3119 410 3180 pro
428 3098 525 3162 cuius
541 3118 656 3161 amore
680 3100 715 3161 et
737 3100 933 3160 sanctorum
956 3096 1051 3160 illius
1067 3097 1324 3162 huiuscemodiz

215 3187 402 3250 certamina
425 3185 634 3251 toleramus.
670 3185 735 3249 His
752 3186 853 3249 dietis
869 3187 1047 3250 universus
1070 3186 1219 3270 populus
1235 3186 1330 3250 robo-
1348 3208 1374 3247 ao

213 3357 236 3407 a)
251 3368 304 3396 vero
319 3359 432 3397 addim.
483 3357 686 3406 b)diuiditB1.
738 3359 913 3405 c)uocatiaBl.
965 3359 1140 3407 d)obtim.A2.
1191 3361 1211 3407 e)
1222 3359 1330 3398 concione

214 3412 266 3459 123
282 3412 429 3450 conuentione
444 3413 489 3454 Al.
504 3412 550 3453 131.
606 3412 623 3463 t)
642 3413 676 3451 Ne
690 3433 716 3440 -
730 3413 822 3451 exoravi
840 3412 864 3462 (l.
880 3413 913 3462 18)
933 3423 975 3450 om.
990 3413 1036 3454 Aa.
1095 3414 1117 3460 g)
1135 3411 1170 3451 nii
1184 3413 1269 3462 (uestri)
1284 3414 1330 3452 Al.

214 3465 363 3512 Lepondumne
377 3469 400 3503 et
413 3466 499 3506 nostri?
553 3466 576 3517 h)
592 3471 681 3516 tyrann.
695 3466 742 3505 Bl.
797 3466 812 3516 i)
828 3466 923 3504 velatio
937 3477 1002 3504 manu
1016 3476 1123 3514 auperacr.
1139 3467 1187 3505 Al.
1243 3465 1266 3515 k)
1281 3463 1330 3504 sed

215 3519 279 3558 brev.
293 3517 313 3555 Β
322 3519 340 3558 1.
402 3517 418 3565 l)
432 3516 507 3557 adhue
520 3519 566 3562 Bl,
628 3519 658 3570 m)
673 3519 800 3568 audierunt,
817 3529 830 3557 u
845 3530 906 3556 moso
923 3530 979 3558 corr.
994 3519 1098 3558 adierunt
1112 3520 1159 3558 Al.
1224 3517 1247 3568 n)
1261 3519 1330 3558 luter·

214 3571 349 3619 pollentibus
363 3570 410 3612 Bl.
490 3574 512 3619 o)
530 3573 635 3611 seuitiam
649 3573 697 3621 Al,
712 3573 769 3620 quod
782 3573 893 3609 mendara
907 3576 994 3610 conatus
1007 3583 1068 3619 aum,·
1086 3583 1126 3612 seu
1140 3573 1207 3611 etiam
1225 3583 1267 3612 om.
1283 3572 1329 3611 Bl.
1349 3571 1375 3611 ab

214 3625 237 3674 p)
247 3624 304 3663 aliut
312 3624 406 3670 forsitan
415 3628 469 3662 rate
478 3626 587 3664 addai.
610 3626 643 3672 Of.
655 3625 715 3672 infra
724 3626 772 3666 n.4.
824 3625 846 3674 q)
861 3625 975 3664 nisidl.
1000 3626 1033 3672 Cf.
1049 3625 1110 3672 infra
1123 3638 1144 3665 n.
1156 3627 1176 3665 4.
1227 3628 1247 3672 r)
1256 3625 1331 3664 hacci-

214 3688 268 3726 pere
283 3677 330 3716 Aa.
385 3679 405 3724 s)
419 3682 466 3716 tota
479 3678 527 3718 Aa.
582 3679 599 3728 t)
618 3689 643 3718 sa
657 3689 697 3727 per
711 3679 830 3716 emendavit
844 3678 869 3716 P.
925 3681 947 3726 u)
967 3679 1044 3717 Tertia
1058 3700 1084 3707 -
1098 3679 1244 3718 firmaverunt
1263 3680 1295 3726 (p.
1310 3680 1330 3727 9,

213 3732 229 3770 Ζ.
246 3732 267 3779 2)
282 3741 324 3768 om.
339 3730 385 3768 12.
454 3730 477 3781 v)
492 3732 522 3769 ita
536 3732 801 3779 A1.B1;lcqcndumne
815 3731 854 3770 ut?
922 3732 951 3781 vv)
966 3729 1056 3780 capud
1070 3732 1183 3772 addBl.
1253 3735 1332 3780 x)om,

214 3784 234 3822 Β
244 3786 263 3824 1.
319 3784 342 3834 y)
356 3783 461 3822 incolomi
475 3784 522 3833 Bl,
537 3785 574 3822 ubl
587 3783 661 3823 adhuc
675 3788 723 3823 aare
737 3785 789 3834 inc,
805 3791 950 3832 permanente
961 3789 1012 3832 post
1026 3786 1069 3824 inc.
1084 3786 1130 3823 olla
1144 3797 1210 3824 manu
1223 3796 1330 3834 aupervcr.

215 3840 234 3885 z)
249 3835 376 3876 huiusmodi
389 3837 436 3876 Bl.
1348 3837 1375 3877 40

215 3979 241 4047 1)
261 3980 303 4043 Cf.
323 3995 409 4047 supra
424 3996 452 4045 p.
466 3982 491 4046 2,
509 3996 536 4033 n.
550 3981 574 4033 6.
641 3980 668 4045 2)
690 3981 873 4046 Depravotum
891 3996 924 4031 ec
943 3979 1078 4034 contione.
1146 3983 1173 4048 3)
1194 3981 1233 4045 C).
1253 3982 1331 4045 infra
1374 4044 1375 4048 Ἰ

210 4067 240 4117 p.
255 4053 296 4114 12,
313 4052 330 4105 l.
346 4054 387 4105 13.
406 4053 440 4105 14
456 4050 501 4119 (ne
513 4049 679 4104 tirannidem
691 4049 829 4103 videretur
842 4067 969 4104 exercere
981 4050 1025 4103 vel
1041 4049 1184 4115 sevitiam).
1247 4051 1275 4119 4)
1289 4051 1331 4116 Cf.

214 4123 296 4185 infra
313 4139 342 4188 p.
364 4124 405 4186 10,
425 4122 441 4176 l.
462 4125 503 4178 10.
524 4124 566 4176 17.
586 4124 628 4178 18.
648 4138 673 4177 a.
689 4125 741 4178 753
761 4121 911 4191 (superbis
930 4121 1055 4174 omnibus
1074 4164 1081 4177 .
1101 4164 1107 4175 .
1128 4160 1135 4175 .
1153 4121 1237 4174 nichil
1257 4121 1332 4174 alind

215 4191 249 4244 ab
275 4192 322 4245 illo
348 4193 466 4260 superbo
492 4193 600 4246 tiranno
619 4192 670 4246 nisi
695 4193 776 4262 plena
800 4192 926 4262 superbia
951 4208 1081 4260 responsa
1106 4196 1134 4245 et
1158 4192 1332 4246 contumacia

214 4264 298 4316 verba
315 4263 409 4316 audire
421 4265 599 4335 meruerunt).
666 4265 693 4334 5)
714 4265 755 4331 Cf.
774 4266 853 4330 infra
871 4282 897 4319 a.
911 4266 978 4319 717:
997 4266 1028 4316 ut
1040 4262 1077 4315 ibi
1090 4262 1197 4316 divinae
1209 4261 1331 4317 iusticiae
1349 4280 1376 4320 45
1462 4312 1464 4315 .

216 4333 344 4386 iudicium
366 4334 484 4399 subiret3
504 4338 570 4391 743:
589 4352 639 4404 per
656 4335 787 4388 iudicium
806 4335 865 4402 Dei,
884 4334 958 4402 quod
977 4333 1067 4387 subire
1088 4349 1144 4386 non
1169 4333 1330 4390 distulimus.

216 4405 244 4472 6)
264 4406 304 4468 Cf.
323 4421 408 4472 supra
429 4423 456 4470 p.
472 4410 497 4471 7,
521 4408 538 4460 l.
558 4409 601 4461 27.
