2962 4942
210 445 245 498 60
308 499 312 509 ,
387 440 568 495 Anneius
586 438 812 494 uniuersus
829 437 1002 495 PRIORES.
1038 438 1074 494 A.
1089 442 1149 494 773.

140 633 340 687 rissuorum
363 631 559 689 voluntatem
584 630 691 687 domni
715 627 899 703 apostolicia
927 629 960 685 se
988 628 1236 702 adimpleturum
1258 644 1329 684 esee

210 738 282 777 oum
306 720 363 777 Dei
387 721 502 778 auxilio
526 720 641 776 devota
664 722 771 775 mente
795 719 974 792 spopondit.

96 826 199 866 serr.
316 813 540 882 Eodemqueb
569 831 660 866 anno
688 812 832 866 sinodumt·
862 812 949 865 tenuit
979 813 1014 864 in
1041 809 1180 864 ianuae-¹
1207 811 1327 866 civitate.

210 903 250 956 In
275 920 342 970 quo
369 907 551 956 conventu
574 902 724 955 exercitum
746 901 872 967 divisit,
898 898 1021 969 partem
1045 911 1153 952 seeum
1176 895 1328 962 retinens,

209 992 245 1043 nt
268 1009 318 1060 per
341 991 497 1044 denisiume
521 996 642 1045 montem
665 985 823 1052 transiret,
848 988 970 1058 partem
992 1001 1066 1041 vero
1091 983 1254 1057 reliquam,
1278 984 1357 1042 ouis

209 1075 340 1149 prefecit
358 1078 587 1134 Bernehardumf
609 1080 793 1132 avunculum²
817 1088 929 1146 suune,
955 1096 1017 1132 oum
1040 1078 1176 1131 ceteris
1201 1075 1329 1131 fidelibus

208 1167 336 1222 suish·³
358 1186 408 1238 per
430 1168 505 1222 Iovis
527 1172 650 1221 montem
673 1164 706 1219 in
730 1149 872 1219 Italiam¹
898 1162 1015 1218 intrare
1038 1161 1185 1235 precepit.
1235 1154 1329 1218 Desi-

209 1247 324 1311 derius
350 1240 453 1310 verok
479 1247 657 1309 immemor
687 1245 927 1310 benefitiorum
953 1244 1092 1327 Pippini
1115 1236 1242 1326 regis¹,
1268 1264 1329 1326 per

210 1336 306 1400 cuius
323 1335 542 1400 donationem
567 1355 710 1417 regnum
729 1334 1061 1416 Langobardorum¹¹¹
1078 1332 1221 1395 sortitus
1246 1332 1328 1407 est‘,

209 1425 359 1489 soluensn
386 1425 525 1489 fortiter
552 1429 672 1487 eontre
694 1443 810 1506 regem
836 1421 1018 1486 Cerolum⁰
1047 1425 1082 1485 et
1114 1421 1325 1484 exereituml'
1347 1445 1370 1485 n

209 1515 282 1577 eius
306 1514 440 1578 firmare
465 1513 628 1596 precepit.
670 1523 765 1577 Castra
783 1526 900 1576 metatus
922 1526 964 1576 est
987 1523 1112 1589 itaque
1135 1520 1330 1590 predictus

209 1631 258 1666 rex
288 1613 457 1666 Caroluss·t
487 1609 503 1664 e
534 1609 659 1682 regione
692 1606 902 1673 solusarum‘,
935 1603 971 1663 et
1001 1598 1130 1662 vallum
1163 1598 1324 1680 quidem⁸

210 1686 448 1772 Langobardit
478 1689 771 1753 defenderentur
824 1695 911 1751 Misit
940 1698 1048 1751 eutem
1079 1711 1135 1768 per
1166 1693 1329 1750 difficilem

209 1801 377 1841 ascensum
407 1785 524 1840 montis
548 1778 761 1858 legionemv·‘⁵
784 1799 824 1841 ex
855 1777 1104 1860 probatissimis
1136 1796 1329 1859 propugne-

210 1862 424 1944 toribusw·**,
460 1867 518 1949 qui
552 1871 751 1930 transcenso
787 1870 924 1930 monte¹
952 1865 1218 1948 Langobardosy
1250 1885 1328 1928 oum
1347 1888 1369 1929 ιι

112 1979 143 2018 *.
181 1986 198 2018 e.
210 1956 389 2020 Desiderio
405 1977 486 2040 rege
501 1955 676 2020 θοιιιιιιῑ·ἵ
692 1955 742 2018 *in
758 1956 878 2038 iugem
898 1958 1152 2019 converterunt.
1191 1964 1326 2020 (inoluit

209 2043 293 2112 vero
324 2074 374 2111 rex
404 2074 466 2111 oum
498 2056 663 2110 exercitu
694 2073 755 2108 suo
786 2073 849 2125 per
880 2059 987 2123 apertus
1017 2053 1149 2121 solusasb,
1178 2054 1329 2107 auxiliante

208 2146 327 2200 Domino
355 2151 383 2200 et
410 2151 536 2200 senoto
562 2144 655 2212 Petro,
683 2146 718 2198 in
745 2133 884 2196 Italiain
913 2145 1038 2197 intravit
1066 2141 1114 2196 eth
1143 2143 1185 2195 ed
1213 2141 1329 2213 Papiam

209 2236 349 2289 civitatem
367 2253 452 2304 usqne
469 2235 601 2303 pervenit.
639 2233 680 2288 In
703 2251 768 2302 qua
788 2233 929 2287 Desiderio
948 2233 1061 2299 incluso,
1079 2233 1167 2300 ipsam
1186 2232 1328 2286 civitatem

209 2323 318 2377 obsedit
340 2317 376 2377 et·
398 2312 491 2376 vallo
515 2312 708 2376 firmissimo
734 2310 961 2375 circumdedit
969 2310 991 2371 ⁸.
1040 2320 1096 2373 Etl
1121 2320 1186 2373 dum
1214 2323 1329 2389 propter
1345 2334 1371 2373 so

209 2411 395 2466 defensionem
413 2416 542 2466 sanotae⁰
559 2411 701 2466 Romanae
719 2413 849 2480 eeclesiae
868 2410 964 2464 eodem
984 2427 1055 2463 enno
1074 2409 1206 2462 invitante
1220 2425 1328 2461 summo

209 2499 339 2568 pontifice
363 2501 554 2569 perrexitffl,
579 2500 691 2554 dimisse
716 2517 809 2553 meroe
834 2504 929 2553 eontra
954 2499 1084 2565 Saxones
1111 2498 1188 2551 nulle
1216 2496 1328 2550 omnino

322 2643 349 2711 ¹⁶)
368 2642 493 2712 Igitur
510 2659 560 2696 rex
578 2641 698 2696 Kerolus
716 2647 806 2696 eastre
825 2644 942 2694 metatus
961 2645 1002 2694 est
1020 2642 1045 2693 B
1056 2645 1080 2696 1.

304 2714 348 2783 **)
367 2712 446 2767 Misit
464 2716 556 2767 eutem
575 2713 714 2766 Carolus
732 2714 868 2782 legionem
888 2729 922 2765 ex
939 2710 1138 2781 probatissimis
1156 2710 1328 2763 militibus

368 2802 419 2854 per
437 2782 578 2838 difficilem
597 2800 738 2838 ascensum
756 2785 857 2837 montis
877 2785 936 2838 Β1.
1345 2794 1370 2836 eo

289 2857 349 2926 see)
369 2856 482 2925 ecclesie
501 2854 626 2908 ibidem
643 2854 810 2909 resideret
829 2856 888 2909 Β1.

210 3016 232 3063 ι)
251 3026 322 3065 pepe
336 3017 385 3059 Bi.
452 3019 474 3065 b)
493 3014 579 3056 Eodem
593 3017 673 3056 Antan.
740 3018 760 3065 c)
779 3015 888 3064 synodum
903 3014 951 3054 Bl.
967 3016 1048 3055 Antan,
1118 3016 1139 3063 d)
1159 3015 1230 3054 tenue
1245 3015 1326 3053 Areten.

211 3067 232 3119 e)
246 3069 348 3108 cinisium
361 3071 411 3113 Β1.
459 3072 476 3121 t)
491 3071 632 3110 Bernardum
645 3070 695 3109 Bl.
710 3070 803 3114 Aninn.,·
816 3066 939 3114 cfilbdnel.
991 3072 1012 3115 g)
1027 3069 1261 3109 auunc.suun1bern.
1276 3069 1325 3108 Β1.

209 3120 235 3171 1ι)
248 3132 290 3163 mn.
303 3123 382 3165 Antan
440 3125 455 3173 i)
472 3124 538 3163 ltalia
551 3125 632 3163 Antan.
692 3122 716 3169 k)
730 3132 770 3161 rex
784 3123 835 3163 ndu.
849 3121 929 3158 Aonian.
990 3120 1007 3172 Ι)
1022 3123 1053 3159 ita
1067 3121 1106 3161 Β]
1122 3123 1217 3172 (pipini).
1232 3122 1327 3168 Antan,;

210 3175 269 3222 regis
283 3175 373 3224 Pippiui
386 3179 436 3218 Al.
505 3180 534 3225 m)
549 3175 680 3225 longobard.
695 3177 744 3216 Al.
813 3174 1118 3224 n)e1usssAnian.Vooan.
1182 3177 1203 3226 ο)
1219 3176 1327 3214 Kerolum
1345 3177 1370 3218 ω

209 3226 259 3266 Bl·
274 3226 353 3270 Anien.
420 3234 442 3280 p)
458 3233 625 3280 exercitumque
640 3232 719 3270 Atrion,
788 3229 811 3279 q)
825 3229 923 3267 Kurolus
937 3229 1016 3270 Arnon.
1084 3230 1102 3279 r)
1117 3229 1229 3266 clusarum
1244 3228 1324 3268 Antan.

209 3280 231 3373 3
244 3277 297 3319 Sed
311 3281 394 3321 vellum
408 3284 477 3332 hang,
490 3285 510 3323 B
520 3286 544 3333 13
560 3285 621 3335 valli,
637 3285 696 3332 quod
711 3284 790 3325 Antan.
845 3285 863 3329 t)
878 3279 1009 3330 longobardi
1023 3281 1043 3319 A
1054 3283 1072 3321 1.
1134 3285 1155 3329 u)
1173 3279 1327 3321 defendebant

240 3333 259 3373 1.
314 3334 338 3384 v)
352 3335 484 3382 legationem
498 3339 548 3378 Al.
602 3339 632 3388 w)
647 3338 809 3388 pugnatoribus
819 3336 910 3382 Aratnn.,·
923 3336 952 3382 cf.
968 3346 1035 3382 supra
1045 3347 1070 3384 p.
1079 3337 1113 3383 41,
1123 3336 1138 3376 l.
1146 3336 1167 3376 b.
1221 3336 1327 3384 x)trens-

210 3396 302 3425 oeueum
315 3386 456 3436 (tremoensu
470 3391 496 3430 P.
509 3392 550 3438 W.)
564 3393 644 3433 Antan.
708 3392 731 3442 y)
746 3388 895 3437 longobardos
909 3390 959 3429 Al.
1023 3389 1043 3439 ι)
1058 3400 1106 3427 suo
1121 3388 1169 3429 Β1.
1234 3390 1256 3440 e)
1271 3389 1325 3429 Kar.

210 3438 231 3478 Β
241 3440 259 3479 1.
275 3439 357 3481 Aulon.
409 3443 432 3493 b)
446 3444 478 3482 eie
490 3444 544 3493 1313
559 3445 633 3484 elusus
646 3445 740 3490 Antan.;
754 3444 841 3483 clausus
855 3444 874 3481 A
886 3445 904 3484 l.
960 3445 980 3490 o)
995 3453 1037 3481 nnn
1052 3443 1073 3480 A
1083 3443 1102 3481 l.
1344 3442 1370 3483 Id

212 3562 238 3630 1)
262 3563 342 3626 Gens.
430 3564 458 3635 2)
478 3567 562 3620 Immo
575 3575 717 3634 patruum,
735 3583 810 3634 quem
829 3583 858 3619 eo
875 3583 936 3619 aevo
952 3569 1061 3633 saepius
1079 3567 1206 3618 aottncnli
1222 3569 1328 3617 nomine

209 3634 401 3702 normannum
426 3638 461 3701 ef.
483 3637 973 3705 Oelener,‘K5ni9Pi1n)in’p.385,
995 3655 1022 3690 n.
1042 3640 1066 3691 3.
1157 3637 1185 3704 3)
1214 3637 1248 3688 Id
1273 3652 1327 3689 non

210 3707 347 3771 antbeime
364 3705 470 3761 dietum.
506 3709 540 3762 A.
559 3727 583 3763 r.
602 3710 670 3765 Fla:
695 3714 723 3761 et
740 3709 815 3760 misit
833 3705 1040 3760 Bernehardum
1058 3706 1226 3759 avunculum
1247 3724 1327 3759 suum

209 3792 260 3897 per
277 3779 401 3830 montem
413 3775 509 3831 Iovem
527 3795 590 3832 omn
609 3779 668 3832 eliis
688 3780 744 3831 eius
756 3776 891 3833 fidelibus.
922 3781 1054 3831 Sinn'iiter
1066 3785 1096 3830 nt
1108 3781 1196 3830 nostri
1207 3779 1327 3845 Reqino:

226 3862 274 3913 pse
293 3863 356 3899 oum
374 3865 428 3902 une
445 3853 524 3917 parte
541 3866 592 3918 per
609 3855 731 3903 montem
745 3849 875 3902 cinisium
894 3851 1016 3916 perrexit
1028 3853 1056 3903 et
1067 3849 1142 3901 misit
1154 3848 1327 3902 Bernardum
1344 3865 1371 3904 eo

211 3919 375 3972 avunculum
400 3936 479 3971 suum
505 3937 567 3973 oum
592 3921 696 3989 relique
720 3925 799 3988 parte
824 3937 874 3989 per
898 3927 1021 3974 montem
1046 3920 1129 3974 Iovis.
1227 3920 1255 3989 4)
1285 3922 1327 3986 Cf.

210 3993 557 4058 nmap.49,l.18.19.
628 3995 658 4061 ὅ)
678 3995 718 4058 Os.
736 4009 824 4060 eupra
837 4009 867 4058 p.
884 3994 928 4055 34,
946 4009 974 4046 n.
990 3996 1013 4048 1.
1032 3994 1076 4057 48,
1095 3993 1161 4046 no.
1235 3994 1263 4059 6)
1284 3993 1326 4055 Of.

268 4077 297 4112 ”a
315 4080 344 4130 p.
364 4066 406 4128 11,
427 4064 444 4116 l.
465 4066 513 4130 143
538 4063 654 4117 Packert
674 4065 691 4120 l.
709 4066 727 4119 l.
749 4082 778 4132 p.
798 4067 859 4129 159,
883 4081 909 4117 n.
928 4066 954 4118 4.
1046 4062 1072 4131 7)
1100 4063 1197 4116 Chron.
1225 4065 1326 4116 Antan.

295 4150 302 4176 ³
319 4136 347 4208 et
365 4132 495 4202 Oggerio.
532 4135 575 4199 Cf.
595 4137 639 4190 ‘N.
657 4136 771 4188 Archin'
790 4136 880 4198 XXV,
904 4153 931 4202 p.
952 4137 1002 4190 177
1012 4151 1050 4201 eq.
1129 4133 1157 4199 8)
1178 4134 1221 4196 uf.
1240 4149 1328 4200 supra

336 4205 383 4257 nli
399 4208 496 4259 contin.
512 4206 666 4272 Lomento„
684 4209 733 4263 SS.
751 4223 841 4259 rernm
859 4207 946 4273 Lonq.
963 4223 991 4273 p.
1004 4207 1073 4272 218;
1091 4204 1289 4257 Atel-Simeon
1302 4205 1327 4269 Ι,
1343 4219 1371 4259 so

392 4278 411 4328 ².
500 4278 528 4343 9)
550 4278 591 4331 Do
608 4279 652 4331 leis
669 4282 779 4332 insertis
800 4277 849 4349 (nt
866 4277 933 4330 dum
951 4280 1065 4345 propter
1085 4274 1273 4328 defensionem
1292 4305 1326 4314 -

452 4345 540 4417 rinei)
551 4349 588 4412 of.
600 4366 669 4417 quae
684 4352 841 4404 inclinarunt
855 4350 951 4414 Waltz,
968 4348 1017 4402 SS.
1030 4347 1116 4410 XIII,
1130 4363 1160 4412 p.
1174 4349 1235 4413 704,
1253 4363 1280 4401 n.
1295 4350 1326 4415 13

511 4432 540 4471 ιι
558 4421 584 4472 2
607 4422 730 4490 ets-263
754 4423 858 4487 Karza,
876 4422 918 4475 ‘N.
938 4418 1053 4472 Archio'
1071 4416 1213 4482 XXVIII,
1233 4433 1263 4483 p,
1285 4420 1326 4474 16.
