2962 4942
233 439 294 496 XII
678 438 907 495 PRAEFATIO.

232 629 454 703 exaraverunt,
473 624 572 704 plane
595 622 722 687 diuersa
745 622 919 703 etquidem
942 621 1115 703 antiquior.
1168 621 1259 686 Unde
1281 642 1351 684 eum

233 711 289 792 qui
310 712 387 776 baec
410 711 582 792 adscripsit
603 732 710 792 neque,
735 717 770 776 ut
793 732 846 793 epo
864 711 961 792 prius
983 709 1092 790 duoci1,
1116 730 1154 774 eu
1177 709 1351 774 annalibus

231 799 428 880 iunioribus,
468 801 576 881 quales
618 801 713 864 coden
751 799 975 864 Berolinensis
1014 799 1164 878 continet,
1206 797 1351 863 bouusse

231 909 339 971 neque,
369 895 405 952 ut
433 889 475 953 F.
502 889 636 953 Kurue²
666 887 851 968 autumavit,
881 889 1013 953 eundem
1036 887 1091 969 qui
1117 908 1167 952 eos
1190 886 1352 968 scripserit

231 977 332 1056 fuisse
357 984 498 1058 apparet.
1369 1000 1383 1040 s

338 1065 496 1130 Fontibus
518 1065 664 1130 Annales
686 1066 857 1130 Mettenses
873 1065 1002 1148 priores
1018 1065 1191 1146 praecipue
1217 1063 1350 1130 Obroni·

231 1175 340 1220 carum
364 1176 445 1236 quae
468 1155 618 1219 dicantar
635 1154 828 1236 Fredepurii
851 1154 1139 1220 continuationibus
1162 1160 1192 1218 et
1213 1153 1350 1218 Annali·
1412 1211 1421 1227 ,

232 1245 289 1308 bus
311 1243 403 1324 repni
425 1244 652 1308 Francorum³
674 1249 815 1323 utuntur,
839 1242 907 1308 illis
929 1242 1054 1324 qnidam
1080 1241 1183 1321 initio,
1214 1263 1288 1306 mon
1310 1244 1350 1307 ab

231 1354 262 1396 a.
304 1339 377 1396 742.
423 1352 521 1414 usque
565 1334 610 1396 od
647 1338 721 1396 768.
762 1330 832 1411 (ubi
869 1331 1120 1397 continuationes
1157 1331 1351 1412 Fredeporii

231 1420 395 1505 desinunt)
431 1422 521 1486 modo
554 1421 606 1485 ill'
656 1428 721 1485 tum
754 1420 821 1502 bis,
856 1421 969 1486 deinde
1002 1441 1099 1501 usque
1133 1420 1178 1484 ud
1210 1442 1241 1484 a.
1274 1427 1348 1484 829.
1370 1445 1395 1482 10

230 1510 418 1575 Annalibus
440 1510 532 1591 repni
547 1511 750 1575 Francorum
773 1509 886 1574 innisi.
925 1510 1016 1575 Raro
1039 1508 1248 1573 inueniuntur
1270 1529 1350 1589 quae

224 1598 361 1680 propius
384 1601 429 1663 ud
450 1598 596 1663 Annales
619 1598 673 1680 qui
696 1598 846 1663 dicuutur
867 1597 1034 1663 Finbardi
1061 1599 1220 1676 accedant,
1252 1617 1350 1678 neque

231 1687 306 1751 inde
357 1687 539 1752 concludere
584 1687 655 1752 licet
703 1687 886 1767 scriptorem
931 1686 1026 1751 etiam
1069 1685 1246 1768 posteriore
1290 1686 1349 1751 illu

230 1775 411 1840 Annalium
433 1776 525 1857 repni
548 1777 750 1840 Francorum
779 1775 959 1840 recensione
987 1797 1078 1839 usum
1109 1795 1183 1839 esse.
1238 1774 1349 1839 Potius

231 1870 347 1928 statues
369 1865 451 1943 forte
481 1864 554 1928 olim
578 1865 749 1945 exemplum
775 1865 932 1945 quoddam
954 1863 1118 1943 exstitisse,
1147 1864 1186 1928 ab
1210 1863 1394 1929 Annali-1⁶

232 1955 288 2017 bus
322 1953 413 2034 repni
447 1954 651 2018 Francorum
680 1953 780 2034 paulo
814 1953 981 2033 diuersum,
1017 1973 1076 2034 quo
1110 1973 1179 2016 cum
1214 1953 1259 2016 eis
1293 1953 1349 2033 qui

230 2048 400 2123 supersunt
432 2049 461 2106 et
494 2041 678 2106 Annalibus
716 2062 743 2122 q.
781 2043 810 2106 d.
846 2042 1013 2106 Einburdi
1047 2041 1143 2105 etiam
1176 2042 1348 2106 Mettenses

230 2131 386 2196 nitantur.
433 2132 601 2212 Perpauca
624 2152 694 2195 cum
717 2130 901 2196 Annalibus
925 2129 1112 2195 Petaoiauis
1141 2130 1188 2194 uel
1211 2131 1348 2195 Laures·

230 2219 431 2284 bameusibus
454 2219 651 2284 conueniunt.
691 2221 903 2300 Nequaquam
925 2226 1029 2284 tamen
1052 2218 1161 2283 omnia
1176 2219 1348 2283 Mettenses

230 2307 298 2372 illis
331 2308 472 2386 fontibus
506 2310 630 2389 debent,
669 2308 764 2373 immo
798 2309 943 2387 referunt
979 2329 1111 2390 quoque,
1151 2328 1231 2388 quae
1268 2307 1347 2372 alibi
1366 2333 1393 2372 νο

230 2397 355 2475 frustra
378 2418 515 2477 quaeras
537 2404 566 2462 et
587 2400 671 2463 uude
693 2397 758 2480 ipsi
780 2397 972 2479 sumpserint
999 2396 1165 2462 nescimus.
1211 2397 1347 2462 Librum

224 2485 441 2565 pontificalem
475 2486 673 2552 adbibitum4
707 2508 772 2552 esse
806 2508 871 2551 nou
901 2485 1114 2551 concesserim.
1168 2486 1279 2550 Etiam
1309 2487 1347 2550 de

234 2573 391 2638 Obrouieo
413 2575 469 2639 illo
491 2575 696 2656 Aquitanico,
720 2597 759 2639 ec
781 2596 841 2656 quo
864 2575 905 2638 R.
923 2575 1035 2639 Dorr⁵
1051 2595 1172 2656 paitcos
1195 2576 1346 2656 quosdam

230 2663 311 2727 locos
334 2664 527 2744 depromptos
550 2685 615 2729 esse
638 2669 746 2745 censet,
771 2663 854 2728 nibil
877 2663 954 2728 certi
977 2665 1148 2743 affirmare
1172 2662 1285 2728 ausim.

336 2752 450 2834 Ratio,
489 2774 552 2834 qua
590 2752 726 2834 scriptor
762 2752 903 2831 fontibus
939 2774 1016 2816 usus
1054 2758 1112 2831 est,
1154 2753 1347 2816 uebemeuter
1365 2776 1391 2816 ss

229 2842 501 2923 reprehendenda,
536 2848 571 2906 ut
600 2862 740 2906 seuerum
769 2840 908 2921 quidem,
943 2842 998 2905 sed
1030 2840 1147 2905 iustum
1180 2840 1344 2920 iudicium,

229 2933 312 3011 quod
333 2931 379 2994 H.
396 2931 437 2994 Ε.
454 2930 594 2994 Bounell
603 2932 615 2969 ⁶
638 2931 675 2994 de
690 2929 875 2994 Annalibus
891 2929 1099 2995 Mettensibus
1115 2929 1346 3011 posterioribus

227 3019 311 3099 fecit,
336 3020 402 3084 ium
425 3018 460 3083 in
478 3019 606 3100 priores
630 3019 807 3098 transferre
830 3025 977 3100 oporteat.
1031 3020 1134 3083 Haud
1155 3039 1241 3098 raro,
1266 3039 1346 3100 quiae

230 3212 256 3276 1)
284 3211 451 3273 ‘Zeitscbrift
476 3211 526 3273 fiir
550 3211 592 3260 die
612 3209 703 3263 Gescb.
729 3211 774 3260 des
801 3210 965 3264 Oberrbeins.
1002 3211 1038 3264 N.
1056 3211 1098 3264 F!
1117 3210 1169 3274 IX,
1195 3228 1221 3276 p.
1241 3212 1293 3264 219
1305 3226 1343 3275 sq.

228 3282 255 3349 2)
277 3282 321 3335 ίΝ.
340 3281 454 3333 Arcbio’
474 3281 614 3346 XXVIII,
631 3298 659 3347 p.
674 3284 716 3335 21.
752 3281 843 3332 Etiam
863 3284 952 3333 minus
967 3282 1138 3348 probandum
1157 3282 1224 3332 uritii
1241 3281 1345 3331 uidetur
1363 3297 1390 3336 30

229 3353 257 3403 id
275 3354 344 3418 quod
362 3353 457 3402 Kurze
473 3355 623 3418 proposuit,
641 3352 711 3403 brino
728 3355 885 3418 scriptorem
903 3355 1018 3417 fortusse
1036 3359 1176 3418 utrumque
1202 3351 1344 3402 annalium

227 3426 401 3475 recensionem
436 3423 597 3476 adhibuisse.
707 3423 733 3492 3)
770 3425 810 3475 De
839 3427 985 3475 recensione
1019 3423 1059 3474 oet
1086 3424 1117 3474 de
1152 3422 1345 3474 recensionibus

228 3496 378 3545 Annalium
405 3497 482 3558 repni
506 3494 692 3557 Francorum,
718 3495 814 3560 quibus
841 3498 930 3546 nostri
954 3496 1117 3557 innituntur,
1146 3495 1345 3544 accuratissime

228 3565 263 3618 H.
282 3566 364 3616 Wibct
388 3567 416 3615 in
441 3565 510 3615 libro
529 3565 663 3630 ‘Bcitriipc
681 3582 734 3617 eur
751 3566 849 3616 Krititi
866 3567 914 3617 der
931 3566 1052 3617 Annales
1069 3565 1157 3630 Repni
1173 3564 1344 3615 Francorum

226 3637 283 3687 und
301 3638 349 3688 der
362 3636 481 3687 Annabes
498 3653 522 3702 q.
536 3637 561 3689 d.
575 3636 726 3687 Einhardi’
745 3639 875 3702 inscripto
893 3636 1083 3702 (Arpentorati
1098 3638 1180 3695 1902)
1195 3653 1223 3702 p.
1240 3638 1276 3690 22
1288 3652 1343 3702 sqq.
1363 3650 1388 3689 36

227 3709 363 3773 quaesiuit,
383 3722 546 3772 quamquam
564 3722 618 3758 non
637 3710 729 3758 omnia
747 3708 817 3757 mibi
832 3708 959 3774 probasse
976 3707 1091 3760 videtur.
1122 3708 1201 3758 Duas
1219 3708 1343 3774 compitu-

227 3781 309 3830 tioues
328 3781 358 3829 in
376 3779 445 3828 libro
463 3784 554 3829 nostro
573 3779 724 3843 dipnoscere
741 3780 795 3829 sibi
812 3781 885 3829 uisas
902 3784 946 3842 est,
966 3794 1083 3844 quarum
1096 3780 1124 3829 in
1137 3779 1224 3829 attera
1237 3779 1343 3830 diuerso

227 3851 378 3900 Annalium
402 3850 482 3913 repui
504 3848 673 3900 Francorum
698 3852 812 3901 recensio
836 3850 958 3900 adbibita
983 3853 1026 3903 sit.
1073 3850 1145 3901 Mihi
1167 3851 1271 3916 quidem
1295 3849 1343 3900 boc

226 3924 332 3971 tautum
360 3922 461 3971 certum
487 3921 598 3980 ridetur,
627 3921 726 3970 tibrum
754 3924 810 3972 eius
834 3922 927 3973 elassis
951 3921 1115 3985 adhibitum,
1143 3938 1225 3988 quom
1250 3920 1343 3970 Kuree

226 3993 317 4043 littero
337 3991 499 4055 Csipnaoit,
518 3993 621 4057 quatem
639 3994 719 4043 etium
737 3995 892 4058 scriptorem
907 3993 981 4044 Vitae
992 3993 1145 4045 Hluiiomici
1162 3992 1340 4060 imperatoris,
1360 4005 1387 4044 40

226 4079 301 4127 quem
326 4064 517 4113 Astrouomum
542 4064 641 4127 dicunt,
669 4078 702 4113 eu
728 4080 785 4130 cap.
804 4066 838 4118 42
866 4065 927 4129 (SS.
953 4065 994 4130 II,
1019 4082 1047 4131 p.
1070 4067 1137 4131 6323
1165 4065 1200 4127 cf.
1227 4064 1341 4125 Simson,

226 4133 350 4198 ‘Ludroip
368 4134 415 4183 der
432 4133 567 4184 Fromnce’
588 4135 627 4199 II,
650 4151 680 4200 p.
699 4137 760 4200 298,
786 4153 811 4188 n.
831 4138 861 4201 4)
886 4141 946 4187 ante
965 4138 1052 4188 oculos
1073 4137 1195 4187 babuisse
1220 4139 1341 4201 apparet.

226 4205 253 4270 4)
281 4205 313 4254 Id
338 4206 407 4269 quod
431 4205 519 4270 Pertz,
544 4205 592 4258 SS.
614 4206 638 4270 I,
660 4222 689 4271 p.
708 4209 770 4270 295,
795 4224 821 4260 n.
841 4210 865 4261 3.
885 4210 910 4273 4,
937 4213 960 4258 et
978 4207 1092 4258 Pdelcert
1114 4208 1131 4260 l.
1151 4207 1167 4260 l.
1190 4223 1218 4272 p.
1240 4208 1291 4259 113
1303 4221 1340 4270 sq.

225 4276 373 4329 ootcieruut.
416 4277 496 4328 Taceo
514 4278 544 4326 dc
562 4278 682 4342 epistulis
702 4294 850 4344 paparum,
877 4279 1005 4344 quesitio
1023 4280 1129 4329 auctori
1152 4283 1231 4327 notus
1256 4277 1342 4339 fuisse
1449 4320 1451 4323 .

226 4351 363 4411 opinatur.
427 4347 454 4415 5)
468 4347 499 4400 L.
515 4349 531 4400 t.
545 4365 573 4413 p.
587 4350 621 4402 41
631 4364 670 4414 sq.
734 4351 761 4412 6)
783 4350 816 4400 In
835 4351 973 4400 librilem
991 4350 1263 4400 memoratieuoursu
1280 4347 1340 4401 VII.
1358 4361 1386 4400 io

225 4421 263 4483 (p.
285 4421 335 4472 157
346 4422 422 4483 sqq),
442 4419 489 4469 ubi
506 4419 537 4470 de
554 4419 707 4471 Annalibus
725 4420 896 4472 Mettensibus
914 4423 981 4472 sotis
999 4421 1058 4483 fuse
1076 4421 1135 4484 epit.
