2962 4942
230 456 268 511 w
408 450 590 506 meurs
607 449 835 505 fflsns
852 448 1026 504 monus
1055 450 1092 504 A.
1106 453 1169 506 m

231 635 374 703 etenim.
409 630 655 699 Grimoaldff·
687 633 852 716 genitrix.
887 633 969 695 dnm
1000 634 1118 716 nepoti
1148 654 1211 696 suo
1240 633 1348 697 'l'heo

231 724 336 789 daldo
369 725 486 788 favere
520 723 710 798 desiderat,
745 715 928 785 carolumb
962 723 982 783 i
1016 721 1172 804 legitima
1210 724 1347 804 paterni

146 836 221 884 w.
230 813 366 898 imperii
395 812 645 896 gubernatione
674 809 891 893 prohibebat,
923 811 1031 893 ‘ipso‘
1063 832 1141 874 enm
1170 811 1347 875 infantulo

94 925 221 968 cruce
230 902 392 966 muliebri
415 900 559 965 consilio
581 907 663 962 tanti
687 906 775 979 regni
797 905 939 961 habenas
960 910 1096 962 tractare
1111 907 1314 980 presumebat
1324 901 1345 963 ¹.

230 989 332 1070 Quod
371 991 453 1053 dum
498 989 673 1052 crudelius
709 1008 812 1070 quam
857 991 1033 1070 oporteret
1071 994 1150 1052 astu
1195 989 1380 1052 femineos

231 1081 412 1164 disponere
435 1072 668 1151 decreveratd,
698 1077 784 1139 iram
807 1075 1042 1139 Niwistrinm⁰
1070 1077 1280 1141 Francorum
1308 1080 1345 1140 in

230 1168 367 1251 nepotis
405 1168 458 1230 sui
495 1167 676 1230 interitum
710 1169 746 1229 et
780 1165 974 1248 principum
1008 1167 1068 1248 qui
1101 1187 1180 1230 cum
1214 1187 1256 1230 eo
1294 1187 1346 1230 ex·

159 1250 450 1321 715.stiterant¹·²
472 1255 629 1320 celeriter
652 1255 833 1318 convertit.
879 1252 970 1332 Qniss
994 1261 1028 1316 in
1054 1262 1226 1318 exercitum
1248 1262 1346 1318 Theo

231 1351 317 1408 daldi
336 1357 364 1409 in
377 1355 457 1409 Cotir
473 1356 562 1409 rilm'
578 1345 760 1426 repentino
775 1343 908 1425 impetu
924 1337 1101 1406 irruentesh
1116 1350 1193 1407 cede
1208 1352 1346 1406 maxima

230 1441 439 1498 trucidarunt
481 1443 673 1497 Theodaldnsi
703 1453 781 1496 cum
804 1432 923 1515 paucis
945 1434 1002 1494 vix
1024 1445 1119 1499 evasit.
1161 1427 1395 1510 Qui¹n0n10

231 1523 342 1586 multo
372 1526 451 1606 post
479 1526 633 1604 tempore
660 1521 767 1584 vitam
796 1521 1017 1585 innocentem
1047 1522 1193 1584 finivit⁴.
1239 1521 1346 1584 Cuius

231 1613 268 1674 in
302 1610 413 1674 locum
446 1603 682 1690 Raginfridum¹
719 1616 869 1672 maiorem
904 1616 1018 1672 domus
1052 1611 1115 1674 sub
1146 1610 1346 1693 Dagoberto

230 1720 312 1782 rege
335 1706 544 1762 constituunt.
589 1697 685 1761 'I'nnc
712 1718 796 1780 gens
825 1697 889 1760 illa
917 1699 1071 1762 omnium
1102 1699 1345 1763 beneficiorum

231 1787 375 1851 invicti⁵
396 1787 560 1870 principis
578 1786 743 1869 Pippinim
758 1787 888 1869 pariter
910 1787 1030 1863 oblita,
1053 1788 1090 1849 in
1105 1789 1342 1851 Aus‘cnusium¹¹

231 1881 307 1940 boto
322 1877 454 1960 impetu
470 1879 703 1958 properantes
721 1904 807 1954 nsque
824 1885 867 1939 ad
884 1885 992 1940 Momm
1009 1887 1124 1941 fluvium
1142 1887 1244 1939 totam
1258 1883 1345 1939 illam
1365 1902 1393 1940 rs

232 1973 389 2046 regionem
424 1979 648 2030 vastaverunt.
701 1973 793 2028 chns
828 1992 970 2043 quoquc
1005 1993 1068 2029 cum
1104 1976 1241 2030 Rudbodo
1277 1977 1347 2030 duce

231 2065 438 2119 Frisionum
457 2056 578 2116 contra
596 2048 811 2136 Pippini08²w
828 2065 929 2132 pecti
949 2070 1040 2120 sunt„
1077 2053 1145 2117 Sed
1166 2053 1344 2129 Dominus,

149 2141 287 2223 moeni
308 2143 365 2206 dat
386 2148 416 2206 d
437 2161 503 2205 rum
527 2140 721 2221 improperat
729 2141 750 2220 ⁶,
782 2135 965 2204 Carolnmb
992 2143 1036 2206 de
1065 2143 1200 2204 insidiis
1230 2163 1346 2206 never

231 2231 385 2295 ealibus⁷
419 2251 557 2300 eruens,
592 2228 708 2313 palam
744 2250 822 2293 eum
856 2230 1112 2312 trepidantibus
1146 2231 1347 2314 populum-⁸

231 2320 453 2384 manifestum
477 2319 649 2403 produxit.
694 2319 791 2382 Tunc
821 2318 930 2382 veluti
960 2340 1037 2382 cum
1068 2319 1119 2383 sol
1149 2320 1340 2403 preclaros⁰
1363 2346 1393 2384 ro

230 2409 344 2471 radios
368 2408 531 2491 eclipsinv
555 2408 599 2470 ad
624 2409 794 2471 modicum
817 2413 959 2491 passusl
979 2413 1104 2472 cuncto
1127 2410 1236 2472 exerit
1259 2409 1343 2484 orbi,

231 2497 279 2560 sic
300 2496 439 2580 Pippini
454 2496 605 2560 Karolus
628 2496 848 2578 dignissimus
872 2497 1017 2561 haeres⁹
1039 2496 1285 2580 languentibus
1308 2503 1345 2562 et

232 2605 319 2667 pene
357 2584 618 2668 desperantibus
655 2586 698 2648 de
736 2585 848 2649 salute
886 2585 1023 2669 populis
1062 2586 1341 2650 robustissimusr

231 2674 391 2738 defensor
428 2673 554 2736 illuxit.
624 2673 670 2735 Ut
707 2678 823 2737 autem
869 2678 987 2757 aperte
1025 2676 1206 2738 cunctanti
1251 2675 1345 2758 plebi

231 2763 425 2846 appnrnst‘,
459 2767 560 2825 tanto
592 2761 709 2825 favore
739 2766 906 2844 tantaque
936 2764 1169 2845 gratulatione
1198 2765 1242 2827 ab
1274 2765 1345 2827 uni·
1363 2788 1391 2827 ss

122 2969 220 3009 Arum,
344 2954 370 3019 *)
393 2952 479 3007 Grim.
506 2969 567 3020 gen.
590 2954 687 3004 omisso
712 2953 774 3005 add.
800 2953 826 3003 B
839 2955 869 3006 1:
894 2951 991 3004 relicta
1009 2951 1120 3020 Pippini
1143 2952 1227 3006 vidua
1251 2953 1345 3006 incon·

390 3023 505 3093 parabili
524 3022 588 3076 odio
600 3026 696 3074 contra
707 3021 842 3075 Karolnm
859 3038 989 3076 succensa
1001 3023 1124 3077 custodia
1136 3040 1198 3077 enm
1210 3025 1338 3093 puplicet

392 3094 529 3148 observari
548 3094 630 3148 iubet.
661 3091 743 3146 Unde
760 3093 808 3146 ille
826 3093 919 3147 divino
937 3093 1040 3148 auxilio
1057 3095 1188 3148 liberatus
1201 3101 1249 3149 est.
1279 3095 1344 3163 Ipsa

389 3182 454 3218 vero
472 3164 632 3218 Plectrudis.

326 3238 369 3304 **)
391 3241 486 3289 contra
503 3235 640 3288 Karolum
658 3236 683 3287 B
694 3238 718 3290 1.
1362 3256 1391 3294 so

230 3433 251 3481 a)
271 3432 394 3471 flrimualdi
414 3433 462 3472 Al,
540 3431 563 3480 b)
582 3431 689 3470 Karolum
706 3431 756 3470 Bl.
833 3431 855 3481 c)
875 3433 980 3481 ipsaque
999 3432 1048 3472 Bl.
1126 3433 1148 3483 d)
1167 3435 1275 3472 creuissel
1293 3434 1342 3473 131.

230 3495 250 3536 c)
272 3486 393 3523 Niuctrium
414 3486 434 3523 B
450 3487 469 3524 1.
552 3487 570 3532 1)
592 3492 657 3524 erant
676 3487 768 3534 (nescio,
791 3498 820 3524 an
843 3487 931 3534 rectius)
952 3486 997 3524 131
1019 3487 1057 3533 (cs.
1078 3488 1142 3525 aiam
1165 3488 1226 3534 infra
1246 3499 1267 3526 a.
1284 3488 1343 3535 806).

229 3539 355 3587 g)8nper
374 3549 448 3579 exerc.
469 3539 539 3578 enim
554 3539 603 3578 Bl.
667 3539 690 3586 h)
705 3539 820 3578 inruentes
836 3539 884 3578 131.
946 3539 962 3588 i)
976 3549 1044 3578 vero
1063 3541 1178 3579 adem.
1242 3539 1267 3588 k)
1279 3541 1343 3587 Q¹ui

228 3592 281 3638 (Qui
296 3593 334 3641 ui),
350 3593 422 3630 littera
436 3593 444 3629 i
458 3594 605 3639 superscripta
619 3603 681 3631 erasa
695 3603 752 3630 corr.
767 3591 810 3639 Qui
824 3593 845 3630 B
854 3594 873 3635 1.
926 3592 941 3639 1)
956 3592 1117 3639 Rngunlridum
1132 3594 1186 3643 A1;
1201 3594 1343 3632 Rainnidum

229 3648 281 3684 Gen.
297 3646 354 3693 Dap.
419 3648 448 3693 m)
464 3657 505 3683 om.
521 3645 570 3684 Bl.
626 3645 769 3693 montesium
784 3646 834 3687 Al.
886 3644 908 3695 o)
923 3645 998 3684 radios
1011 3647 1082 3694 precl.
1096 3647 1144 3685 Bl.
1199 3648 1222 3696 p)
1236 3647 1343 3696 ceclipuin
1361 3650 1390 3692 εὑ

228 3700 276 3739 Bl.
350 3700 372 3749 q)
392 3710 469 3746 passos
488 3699 538 3738 131.
611 3700 630 3749 r)
649 3699 785 3738 robustimus
803 3710 868 3737 manu
886 3699 1014 3737 correctoris
1031 3710 1088 3740 corr.
1107 3701 1274 3739 robustissimus
1292 3701 1342 3740 131.

228 3755 247 3804 ε)
265 3753 354 3801 aparuit
374 3753 423 3790 Al.
491 3755 508 3800 t)
526 3753 558 3790 cic
576 3752 624 3791 131.

230 3924 254 3990 1)
275 3923 317 3986 Cf,
339 3937 424 3988 cupra
443 3938 472 3986 p.
493 3923 535 3984 16,
559 3936 585 3973 n.
607 3923 629 3973 1.
718 3918 746 3985 2)
766 3920 807 3983 Of.
831 3921 908 3985 infra
931 3936 956 3973 a.
975 3923 1043 3976 805:
1067 3925 1095 3973 et
1112 3921 1266 3989 principum
1286 3921 1343 3975 eius

228 3994 272 4059 qui
303 4011 364 4044 cum
393 4008 425 4045 eo
454 3995 540 4044 erant.
632 3990 660 4058 3)
688 3991 740 4041 ‘La
767 3992 835 4054 foret
860 3992 892 4042 de
919 3991 1019 4056 Cuiee’,
1047 3992 1123 4044 bodie
1151 3995 1188 4045 ‘la
1215 3995 1286 4058 foret
1311 3995 1343 4045 dc

229 4064 394 4130 (Jonpiepne’
413 4064 492 4116 dict.
574 4060 601 4129 4)
622 4062 665 4125 Cf.
685 4077 770 4126 supra
792 4078 820 4128 p.
835 4064 877 4126 15,
895 4064 912 4116 l.
932 4065 975 4116 24.
1011 4062 1083 4114 Num
1107 4065 1292 4116 Tbeudoaldue
1312 4081 1343 4116 rc
1359 4077 1390 4116 lo

228 4153 288 4186 cero
311 4138 396 4201 poulo
418 4140 479 4200 post
498 4135 592 4184 obierit
611 4150 647 4184 an
672 4135 776 4184 (liutius
800 4135 905 4199 vixerit,
931 4133 1041 4184 dubium
1048 4152 1057 4194 ,·
1080 4136 1116 4198 cf.
1134 4136 1223 4200 Pcrtz,
1250 4135 1341 4201 SS.I,

226 4226 251 4271 p,
272 4210 336 4270 32⁶2,
364 4224 389 4259 n.
408 4208 458 4271 *203
485 4205 659 4256 Mdlrlbacher
684 4222 727 4256 nr.
750 4205 816 4258 3010.
922 4204 950 4272 5)
978 4205 1019 4267 Cf.
1047 4223 1134 4271 supra
1158 4225 1186 4274 p.
1211 4210 1240 4270 5,
1265 4223 1291 4260 n.
1317 4210 1341 4262 l.

228 4281 253 4342 6)
283 4279 326 4326 [oc
356 4280 379 4339 1,
398 4280 429 4331 5:
456 4275 557 4334 aDeo,
583 4275 630 4340 qui
655 4274 703 4326 dat
727 4275 852 4329 omnibus
877 4273 1021 4327 affluenter
1039 4280 1066 4327 et
1085 4292 1140 4329 non
1165 4277 1341 4344 improperat.
1449 4318 1451 4320 -

228 4353 254 4413 7)
275 4349 314 4409 Cf.
334 4364 419 4411 supra
439 4364 467 4411 p.
489 4349 530 4411 19,
550 4347 566 4399 l.
586 4350 628 4400 22.
707 4346 735 4415 8)
755 4347 777 4399 Ι.
796 4363 817 4399 e.
835 4347 987 4398 bominibus
1004 4348 1050 4410 (cf.
1068 4363 1155 4413 supra
1172 4365 1202 4414 p.
1222 4352 1249 4413 3,
1267 4349 1283 4404 l.
1303 4351 1340 4409 9).

228 4422 253 4485 9)
276 4421 314 4480 (Jf.
335 4434 419 4483 cupra
441 4435 467 4480 p.
490 4419 531 4476 19,
550 4433 577 4467 n.
597 4419 621 4470 6.
1359 4441 1389 4480 lb
