2962 4942
223 451 296 507 XIV
668 449 898 507 PRAEFATIO.

224 633 351 715 saepius
387 633 532 715 scriptor,
578 633 691 716 quippe
729 633 784 714 qui
829 634 918 698 baucl
954 634 1046 699 ‹tirbie
1092 635 1223 700 clericus
1267 636 1340 716 fuit,

223 743 395 788 sermonem
418 723 549 788 Biblioe
572 724 725 804 Vulpatoe
749 722 842 787 dictis
865 723 1036 788 oilornaoit
1046 724 1066 788 1.

331 811 417 876 Noui
440 811 635 876 coniecturas
658 817 791 893 arputas
814 832 899 892 sane,
922 833 1002 893 quas
1021 813 1057 876 V.
1079 812 1126 878 Ol.
1150 815 1191 877 F.
1210 815 1341 878 Kurae²

224 903 261 965 373
295 900 420 982 oripine
454 900 557 981 operis
594 899 755 980 uariisque
792 900 861 964 eius
897 899 1133 965 recensiouibus
1164 903 1340 983 proposuit.

225 989 297 1069 Secl,
320 996 356 1052 ut
376 989 443 1052 iarn
460 988 556 1070 prius
578 988 672 1068 73373,
703 989 807 1067 fateor
834 1010 883 1053 me
905 1010 975 1053 eum
997 988 1035 1053 iu
1057 996 1123 1053 tom
1149 990 1283 1069 difficili
1313 999 1373 1056 ets

223 1084 364 1142 contorta
390 1099 425 1142 re
447 1076 536 1158 sequi
558 1098 622 1141 non
639 1098 732 1157 posse
755 1084 791 1157 et,
816 1098 896 1158 quae
912 1079 1065 1160 probasse
1091 1079 1272 1159 arbitretur,
1303 1101 1340 1144 ea

223 1165 304 1231 milii
326 1188 365 1231 ne
382 1166 566 1248 probabilia
589 1166 714 1248 quictem
737 1165 848 1231 377337.

330 1256 375 1319 Iol
387 1316 389 1319 .
402 1277 424 1319 u
452 1254 620 1320 verisimili
649 1276 714 1319 nou
743 1256 892 1320 abborret
919 1253 1101 1336 3337373333
1130 1255 1221 1336 libri,
1251 1276 1341 1338 quem

223 1346 318 1409 33733
352 1343 578 1409 Duuelmensis
616 1344 768 1425 continet,
807 1365 868 1408 sua
904 1343 972 1408 ium
1009 1365 1048 1408 eu
1081 1365 1172 1426 opere
1205 1347 1339 1426 quactum

223 1433 433 1514 exscripsisse,
465 1434 548 1514 quocl
576 1432 796 1497 narrationem
824 1454 889 1497 non
917 1434 1004 1497 ultra
1034 1455 1155 1497 aunum
1186 1440 1260 1497 805.
1292 1435 1386 1499 cle-10

223 1523 358 1586 37333377.
416 1523 528 1602 Quoad
556 1543 659 1586 annos
690 1527 889 1585 806-829.
919 1522 1002 1586 nibil
1031 1522 1177 1587 babuisse
1207 1523 1338 1604 37373733,

223 1611 306 1690 quael
326 1609 513 1674 Annalibus
541 1610 633 1692 repui
655 1611 859 1675 Francorum
885 1610 1030 1691 ucliceret,
1061 1631 1112 1675 eos
1142 1613 1186 1675 acl
1213 1613 1340 1676 uerbum

223 1698 450 1763 transscribere
480 1705 648 1764 contentus.
707 1700 794 1780 Quae
821 1705 979 1779 postremo
1009 1701 1046 1764 cle
1075 1701 1168 1765 rebus
1201 1723 1231 1765 a.
1264 1706 1338 1764 830.

221 1786 317 1867 pestis
350 1787 522 1868 subinnuit,
553 1809 591 1852 ea
620 1794 677 1852 aut
710 1808 766 1852 suo
795 1788 906 1852 Marte
938 1787 1070 1871 scripsit
1103 1794 1159 1853 aut
1189 1809 1268 1852 nouo
1302 1810 1340 1853 ea

223 1875 309 1953 fonte
343 1875 460 1940 bausit.
517 1875 622 1956 Alibi,
657 1876 739 1940 uelut
773 1898 803 1939 a.
835 1882 910 1940 693.
942 1882 1016 1939 763.
1050 1882 1123 1941 779.
1156 1883 1231 1940 785.
1263 1883 1338 1942 801.
1359 1903 1384 1942 15

224 1970 288 2028 804
298 1965 319 2046 4,
366 1971 476 2030 auctor
512 1965 616 2030 uerbis
660 1969 700 2028 ut]
738 1966 893 2049 superius
930 1967 1129 2042 retulimus,
1169 1970 1209 2030 ub
1246 1989 1338 2050 prae·

224 2054 370 2118 diximus
389 2053 582 2119 similibusae
605 2055 747 2119 lectorem
770 2054 814 2117 acl
835 2054 924 2134 locos,
948 2054 1003 2118 ubi
1017 2054 1084 2118 ium
1101 2056 1209 2118 eudem
1224 2076 1339 2120 narro·

222 2142 310 2223 uerit,
342 2149 484 2225 reuocat,·
512 2143 564 2207 bic
587 2142 700 2207 Iuclitb
728 2141 927 2226 imperatria,
959 2142 1115 2207 Ludooici
1138 2142 1195 2208 Pii
1224 2143 1339 2208 ooniua

222 2232 332 2313 altera,
357 2231 451 2314 quasi
473 2253 553 2313 quae
575 2234 715 2296 nondum
738 2238 977 2296 commemorata
999 2231 1049 2311 sit,
1076 2231 1250 2312 inducitur,
1280 2233 1339 2297 etsi

222 2320 288 2383 iam
318 2342 348 2383 a.
374 2327 448 2385 819.
473 2321 694 2402 imperatorem
716 2341 785 2384 eum
808 2320 935 2384 7337333
957 2320 1108 2401 scriptam
1131 2320 1181 2384 sit.
1229 2322 1338 2386 Sermo
1357 2347 1383 2386 20

222 2428 341 2490 quoque
364 2431 385 2473 o
401 2409 570 2492 prioribus
593 2409 745 2489 olioersus,
769 2408 867 2473 nimis
888 2409 1026 2473 incultus
1048 2416 1077 2473 et
1099 2409 1153 2491 qui
1176 2412 1337 2490 quandam

222 2497 461 2562 similitudinem
484 2519 610 2579 operum
632 2498 760 2562 illorum
790 2518 869 2578 quae
892 2497 1025 2562 Alarico
1054 2498 1217 2580 episcopo⁵
1244 2498 1337 2563 Ceno·

222 2586 350 2650 mannis
374 2586 630 2667 conficiebantur,
652 2586 819 2651 Gestorum
834 2586 962 2651 Alarici
984 2586 1126 2652 uidelicet
1149 2594 1177 2651 et
1200 2586 1336 2652 Actuum

221 2674 434 2756 episcoporum
454 2674 669 2740 Oenomunuis
691 2675 728 2738 in
743 2676 819 2739 urbe
835 2675 1020 2757 depentium,
1037 2676 1159 2754 referat
1167 2677 1188 2739 ⁶.
1224 2676 1336 2740 Mani-

220 2763 333 2842 festius
356 2766 462 2828 euclem
489 2763 637 2828 narratio
666 2764 824 2842 fautorem
854 2784 959 2828 uorem
987 2763 1201 2846 imperatricis
1224 2764 1337 2829 Inclitb
1355 2790 1381 2828 33

221 2858 250 2916 37
271 2852 335 2931 Jllii
358 2853 426 2917 eius
449 2852 568 2916 Karoli
584 2852 728 2936 3337777.

328 2943 430 3006 Porro
453 2943 636 3023 frupmento
658 2961 758 3022 supro
773 2947 946 3006 memoratu
961 2941 1077 3006 librum
1092 2942 1149 3006 boc
1163 2944 1253 3006 moola
1268 2963 1335 3006 con-

218 3031 426 3112 postumium
449 3031 572 3096 saeculo
597 3030 641 3110 X,
672 3037 817 3111 eacerptu
838 3050 919 3112 3333
941 3051 980 3094 33
1002 3050 1036 3095 33
1059 3033 1239 3112 deprompta
1263 3037 1338 3095 suut

220 3140 290 3182 eum
319 3119 414 3183 etiam
443 3120 566 3184 saeculo
596 3119 664 3184 IX.
695 3118 822 3183 ineunte
852 3117 1006 3184 exstitisse
1030 3121 1182 3202 probant.
1240 3119 1336 3184 Gesta

221 3209 367 3272 abbatum
390 3208 684 3273 Fontauellensium
712 3207 798 3273 inter
826 3212 1028 3272 33333834.
1059 3214 1088 3271 37
1117 3213 1191 3272 845.
1222 3207 1337 3272 litteris
1355 3234 1381 3273 33

219 3299 372 3361 mandata
395 3304 477 3362 sunt.
523 3297 636 3361 Etiam
652 3297 749 3379 prius
771 3297 917 3361 Annales
945 3295 1187 3378 Guelferbytani
1209 3296 1336 3361 enorat'

221 3506 248 3573 1)
266 3508 308 3570 Cf.
325 3511 403 3559 etiam
417 3508 529 3559 Bonnetl
545 3509 561 3561 t.
576 3509 593 3562 l.
609 3525 638 3573 p.
654 3509 704 3562 165
714 3524 760 3573 sq,
780 3508 824 3556 cui
840 3511 928 3558 tamen
939 3507 985 3557 373
997 3507 1164 3557 concesserim
1180 3507 1335 3571 scriptorem

219 3582 419 3630 commentarios
431 3580 500 3630 Iulii
513 3578 637 3630 Caesaris
649 3580 756 3629 imitari
767 3584 889 3629 conatum
901 3591 962 3630 3333.
1024 3576 1051 3641 2)
1070 3576 1114 3630 ‘N.
1128 3576 1239 3628 Arabio’
1251 3576 1333 3642 XXI,

214 3666 245 3715 3.
260 3653 293 3704 29
305 3667 359 3716 sqq.
379 3650 519 3716 XXVIII,
535 3667 564 3716 3.
578 3653 594 3704 9
607 3666 662 3715 sqq.
682 3651 733 3703 619
746 3665 800 3714 sqq.
872 3649 900 3710 3)
922 3647 965 3700 ίΝ.
984 3647 1097 3698 Archio’
1116 3647 1208 3711 XXV,
1225 3664 1254 3713 p.
1275 3651 1334 3702 179.

219 3719 246 3788 4)
266 3721 296 3774 Ρ.
312 3725 353 3775 16.
367 3724 409 3775 52.
424 3723 467 3776 68.
481 3724 522 3775 72.
536 3723 579 3775 88.
593 3723 635 3775 92.
702 3721 730 3785 5)
751 3721 804 3782 Qui
818 3735 842 3772 a.
856 3720 917 3772 856.
931 3719 1070 3782 defunctus
1082 3725 1126 3772 337.
1194 3718 1220 3788 6)
1236 3718 1278 3781 Of.
1292 3719 1334 3777 (Ν,
1354 3734 1379 3775 35

219 3793 332 3842 Arobi'o’
359 3792 468 3856 XXIV,
495 3809 525 3858 p.
547 3794 600 3846 418
616 3808 671 3856 33.,·
698 3792 812 3854 Simson,
839 3790 898 3840 ‘Dte
922 3788 1091 3855 Entstebunp
1117 3791 1164 3842 iter
1184 3792 1334 3856 pseudoisi-

218 3864 357 3915 doriscben
376 3865 564 3928 Fotlscbnnpen
583 3865 611 3912 in
630 3861 668 3913 Le
685 3861 783 3912 Mans'
801 3861 888 3926 (Lips.
909 3862 991 3920 1886)
1011 3877 1038 3925 3.
1058 3863 1091 3916 65
1104 3877 1176 3928 sqq.;
1195 3861 1223 3916 J.
1240 3860 1333 3925 Haoet,

219 3935 297 3988 ‘Bibl
315 3936 347 3985 cle
372 3935 424 3989 ru.
451 3935 496 3985 des
520 3933 638 3985 cbartes’
656 3932 734 3998 LIV,
757 3949 785 3997 p.
806 3934 866 3993 632,
891 3948 917 3985 n.
939 3935 969 3998 13
997 3931 1057 3987 Geo.
1076 3933 1161 3999 Lura,
1182 3933 1276 3985 ‘Ucber
1293 3932 1335 3982 die

218 4005 328 4058 Heimat
340 4005 558 4057 Pseudoisidors’
570 4004 692 4070 (Monaci
707 4005 787 4062 1898)
800 4020 829 4068 3.
843 4006 878 4057 35
887 4019 925 4069 sq.
945 4006 987 4069 39,
1005 4020 1032 4057 u.
1045 4007 1070 4059 4.
1091 4007 1125 4059 54
1136 4021 1192 4070 sqq.
1254 4003 1280 4066 7)
1292 4003 1333 4067 Of.

219 4077 334 4142 Simson,
353 4078 475 4142 ‘eraluip
493 4077 540 4127 der
558 4075 696 4127 Fromme’
714 4075 738 4140 I,
761 4092 788 4141 p.
808 4077 868 4140 341,
889 4091 915 4128 n.
937 4078 960 4133 1.
998 4076 1031 4125 lot
1049 4092 1149 4141 quoque
1167 4076 1334 4127 animaduer·
1352 4089 1379 4128 43

218 4149 324 4198 733733
352 4150 494 4199 Alitrr'curn
521 4148 610 4198 777733
635 4153 729 4211 partes
756 4147 936 4212 imperatricis
962 4153 986 4197 et
1013 4146 1115 4199 Karoli
1140 4153 1254 4196 secutum
1281 4161 1334 4197 esse

218 4234 316 4269 necrion
339 4224 446 4286 priores
465 4221 552 4285 operis
570 4221 659 4270 nostri
679 4223 773 4285 partes
794 4219 980 4284 pluraquam
998 4218 1067 4269 otios
1091 4219 1177 4280 fontes
1202 4219 1233 4268 73
1257 4217 1334 4268 rubus

219 4289 420 4341 Ceriornannicts
445 4298 469 4341 et
493 4290 672 4341 Brittannicis
697 4290 840 4355 prosarum·
867 4290 902 4352 cf.
930 4288 972 4341 ‘N.
999 4288 1110 4340 Arcliio’
1137 4288 1210 4338 XXI
1214 4288 1243 4340 V.
1272 4289 1289 4341 l.
1315 4288 1332 4340 l.

218 4361 311 4423 XXV,
334 4378 362 4426 p.
387 4363 445 4414 180.
491 4362 561 4412 Ante
585 4376 666 4426 quam
690 4364 729 4426 (a.
748 4363 814 4420 832)
839 4360 923 4411 sectam
950 4359 1187 4410 Cenuuannensem
1214 4359 1333 4422 obtinuit,

221 4432 351 4482 Alaricus
369 4433 479 4483 clericus
496 4431 631 4483 Mettensis
649 4432 711 4494 fuit.
1352 4443 1378 4482 43
