2962 4942
551 1367 904 1452 PRAEFATIO.

277 1540 430 1621 Auuales
452 1555 632 1637 Metteuses,
660 1577 737 1637 quos
759 1555 827 1621 iam
850 1556 913 1622 luei
936 1555 1045 1621 daturi
1074 1577 1190 1638 ulmus,
1222 1578 1288 1622 mou

169 1646 290 1711 eosdem
313 1650 405 1727 atque
427 1643 499 1709 illos
522 1650 595 1709 aute
618 1645 674 1709 bos
690 1646 766 1726 plus
782 1650 846 1709 260
863 1666 966 1710 auuos
985 1668 1007 1709 a
1027 1643 1162 1711 Obesuio
1179 1645 1286 1727 editos,

170 1737 225 1799 seol
246 1736 286 1799 ab
309 1733 352 1798 iis
375 1733 514 1798 diuersos
529 1739 558 1797 et
573 1733 698 1815 quidem
713 1733 917 1816 autiquiores,
940 1733 1114 1800 Carolus
1129 1735 1170 1799 H
1173 1756 1194 1799 a
1201 1756 1233 1798 m
1235 1756 1287 1818 pe

137 1845 151 1884 s
177 1824 213 1888 V.
243 1822 293 1889 Ol.
324 1844 355 1886 a.
389 1827 472 1886 1895
503 1843 607 1887 meuse
635 1821 812 1901 Decembri,
844 1843 912 1888 oum
943 1821 1158 1888 bibliothecam
1187 1823 1287 1888 oatbe-

169 1911 290 1977 ‹lralom
319 1911 565 1975 Duuelmeusem
599 1911 634 1975 iu
667 1931 744 1976 usus
777 1910 1057 1977 Mouumeutorum
1092 1911 1287 1978 Germaniae

163 2001 388 2081 perlustraret,
419 1999 542 2064 iuoeuit
550 1999 571 2065 1.
629 2000 691 2064 Est
723 1999 808 2064 euim
843 2001 952 2081 eoeleu,
988 2021 1048 2082 quo
1081 1999 1146 2064 ista
1174 2000 1289 2082 primu

168 2089 263 2154 eolitio
285 2088 473 2153 Annalium
497 2089 722 2154 Mettensium
745 2091 897 2174 priorum
923 2089 1130 2168 fuuolameuto
1160 2088 1284 2170 uititur,

273 2172 354 2262 Al)
384 2177 678 2242 Duuelmeusis
710 2176 744 2243 0.
773 2178 839 2242 IV.
874 2183 913 2241 15
948 2177 1102 2258 elaeatae,
1134 2179 1285 2242 membra·

125 2288 293 2348 10uaoeus,
317 2287 397 2332 saeo.
423 2263 513 2330 XII.
537 2264 729 2348 iucipieutis.
768 2266 841 2330 Fol.
865 2273 880 2328 l
906 2265 1124 2347 desideratur,
1145 2266 1202 2345 fol.
1219 2271 1286 2328 2-

169 2356 232 2420 28‘.
257 2355 392 2421 auuales
414 2361 537 2420 uostros
560 2355 728 2420 ooutiueut.
775 2354 922 2435 Popiuae
944 2354 981 2419 iu
1008 2353 1101 2420 biuos
1124 2355 1286 2421 oolumuus

168 2444 309 2527 diuisae,
338 2450 438 2510 leatus
467 2443 637 2508 ouualium
666 2442 783 2509 desiuit
810 2442 848 2508 iu
877 2443 972 2508 tertia
1002 2444 1147 2508 oolumua
1175 2443 1201 2522 f.
1231 2449 1284 2526 28,

167 2539 283 2614 quarta
297 2554 409 2599 ramo.
445 2532 595 2614 Sequitur
609 2532 646 2597 iu
660 2533 717 2612 fol.
731 2531 883 2598 29-70‘.
901 2531 1081 2598 Obrouieou
1096 2532 1283 2614 Repiuouis,

168 2621 236 2687 eius
269 2621 394 2704 elassis,
431 2642 511 2703 quae
545 2621 781 2687 ooutiuuotioue
815 2627 916 2702 earet,
951 2621 1088 2700 fortasse
1122 2621 1286 2687 uouuullis

123 2731 149 2770 1⁵
168 2710 302 2775 omissis.
341 2709 488 2776 Auuales
504 2711 676 2776 Metteuses
698 2712 737 2775 ab
761 2709 856 2776 iuitio
878 2730 975 2791 usque
997 2709 1035 2774 iu
1057 2711 1154 2790 [luem
1176 2711 1285 2775 eoaeu

166 2821 265 2864 mauu
288 2799 408 2882 scripti,
432 2805 461 2864 et
483 2820 674 2881 quamquam
689 2799 867 2880 Repiuouis
888 2798 1071 2865 Obrouioou
1093 2799 1162 2863 alio
1184 2819 1285 2863 mauu

166 2893 332 2952 euaratum
366 2894 424 2969 est,
459 2887 544 2953 ratio
578 2895 683 2954 tamem
716 2887 754 2952 iu
790 2895 921 2970 utroque
955 2907 1044 2970 opere
1082 2885 1284 2951 oloseribemlo

166 2979 274 3042 euclem
307 2998 428 3042 ueouou
457 2983 622 3059 utrumque
651 2979 759 3042 eorlem
788 2999 888 3042 mauu
916 2975 1141 3056 illumiuotum,
1172 2974 1221 3040 ita
1249 2981 1286 3041 ut

165 3065 232 3130 iom
264 3064 417 3147 primitus
452 3087 550 3130 uuum
589 3065 723 3131 oodioem
759 3066 916 3145 formasse
952 3065 1106 3130 uideatur.
1172 3065 1285 3146 Quoad

121 3153 322 3218 mirationem
350 3153 510 3220 seribemli
532 3153 729 3235 praepositio
758 3159 837 3238 post
866 3174 986 3236 semper
1015 3148 1047 3238 f),
1073 3173 1133 3217 oou
1162 3157 1283 3238 gentes

165 3263 256 3324 saepe
294 3249 333 3326 'g‘s
371 3242 564 3308 abbreviata.
632 3242 755 3307 Primis
787 3243 937 3324 partibus
973 3263 1088 3307 mamus
1129 3241 1283 3307 reeeutior

165 3352 245 3396 saec.
272 3329 361 3395 XII.
384 3330 543 3396 iuterolum
566 3336 754 3412 arpumeuta
776 3352 884 3396 rerum
906 3338 1132 3396 euarratarum
1162 3330 1283 3397 uullius

159 3419 259 3500 pretii
283 3419 429 3486 iuseruit.

271 3509 369 3574 Liber
407 3515 480 3574 oute
518 3509 638 3591 aliquot
674 3529 777 3573 auuos
814 3509 851 3574 iu
888 3530 964 3574 usus
1002 3509 1282 3573 Mouumeutorum

120 3619 146 3658 25
170 3597 364 3663 Germaniae
387 3595 544 3663 Duuelmo
567 3597 708 3663 beueoole
730 3597 921 3663 Beroliuum
943 3597 1152 3663 trausmissus
1173 3596 1221 3662 ibi
1243 3618 1283 3662 eu

158 3692 252 3768 parte
290 3708 359 3751 oum
397 3686 534 3752 editioue
573 3686 762 3754 Obesuiaua
798 3686 979 3752 Auuolium
1013 3684 1219 3751 Metteusium
1253 3691 1284 3750 et

164 3776 205 3839 F.
230 3775 353 3840 Kurrii
382 3775 561 3841 reoeusioue
583 3775 764 3841 Auuolium
793 3774 885 3858 repui
907 3775 1110 3841 Frauoorum
1140 3775 1280 3855 collatus,

164 3885 202 3927 eu
219 3869 313 3945 parte
336 3863 509 3945 eusoriptus
532 3871 585 3930 est.
636 3867 703 3946 Quo
726 3871 885 3946 apparatu
908 3864 999 3930 uobis
1021 3863 1068 3927 uti
1091 3862 1190 3928 lieuit.

277 3954 393 4018 Verum
426 3958 462 4016 ut
495 3952 670 4034 loquamur,
706 3954 801 4018 oodeu
825 3951 1058 4019 ‚Duuelmeusis
1091 3971 1155 4016 uou
1189 3951 1281 4016 modo

118 4062 145 4101 so
163 4048 264 4107 aetate
279 4039 435 4120 iuferiore
446 4047 598 4106 exaratus
612 4047 664 4121 est,
677 4043 733 4105 seol
746 4041 841 4106 etiam
857 4042 990 4123 optimus
1004 4039 1146 4106 iuolioari
1161 4038 1280 4121 uequit

163 4130 346 4210 Librarius,
371 4149 561 4210 quamquam
583 4129 668 4194 uibil
693 4129 852 4194 arbitratu
881 4151 937 4195 suo
966 4127 1100 4194 mutauit
1127 4149 1184 4194 uec
1212 4128 1281 4194 uisi

163 4341 190 4407 1)
221 4340 262 4405 Cf.
290 4337 332 4392 ίΝ.
358 4337 472 4390 Arobto’
494 4337 591 4403 XXII,
614 4355 645 4405 p.
669 4339 721 4392 694
733 4352 789 4404 sqq.
814 4345 838 4390 ot
863 4355 930 4406 quae
954 4339 1048 4392 ibidem
1073 4342 1104 4390 iu
1128 4344 1146 4397 t.
1170 4338 1279 4406 XXIV,

157 4429 187 4478 p.
207 4413 259 4466 399
271 4426 327 4477 sqq.
346 4414 370 4461 et
387 4408 479 4474 XXV,
498 4426 527 4476 p.
549 4413 599 4465 177
609 4426 665 4478 sqq.
684 4410 810 4466 disserui.
