2962 4942
212 443 241 498 X
655 443 886 501 PRAEFATIO.
975 463 977 466 ·

214 626 464 710 compilationem
499 626 635 691 continet
668 627 913 709 amplissimam,
948 649 1044 710 qnae,
1080 628 1171 692 nulla
1200 627 1330 693 rubrica

212 715 377 796 inscripta,
413 717 452 780 ab
487 715 623 780 bistoria
656 716 804 794 fabulosa
837 720 875 782 ‹le
905 717 1028 799 oriyine
1054 718 1258 781 Francorum
1287 719 1332 781 acl

213 804 331 870 saeculi
354 804 467 869 dommi
489 803 588 868 initia
610 825 707 885 nsque
724 805 915 887 porriaitnr.
968 806 1091 870 Primis
1114 805 1264 886 partibus
1293 827 1331 869 33

212 893 364 958 Historia
385 894 589 958 Francorum
610 892 760 974 (7339333Ι
782 900 812 959 et
833 894 1027 976 Fredeaarii
1049 893 1228 959 scholastici
1251 914 1331 974 quae

213 983 363 1048 elimatur
400 980 558 1047 cbronicis
594 981 733 1062 baustis,
773 982 908 1064 scriptor
944 983 1048 1047 uerbis
1086 984 1131 1046 m
1169 985 1250 1066 quia
1288 985 1363 1047 des

214 1073 361 1155 Pippino
379 1072 591 1135 mencionem
607 1072 763 1149 fecimus,
780 1073 856 1155 quis
872 1077 1063 1155 quantusve
1079 1073 1196 1148 fuerit,
1218 1073 1330 1136 dicere

213 1182 283 1225 non
308 1161 440 1244 pigebit
463 1160 507 1223 acl
529 1159 664 1224 annales
686 1166 809 1224 nostros
831 1181 864 1224 se
886 1160 986 1240 uertit,
1017 1159 1130 1241 quibus
1152 1161 1197 1224 acl
1225 1181 1341 1246 eorum·

213 1251 310 1329 finem
332 1269 429 1329 nsque
451 1269 528 1312 usus
555 1254 608 1312 est.
663 1248 750 1313 Satis
780 1250 869 1331 lonae
891 1248 938 1314 ita
961 1269 1071 1331 messe
1100 1269 1151 1312 eos
1180 1248 1329 1330 sequitur,

212 1345 247 1402 ut
273 1336 406 1402 nonnisi
428 1358 538 1418 pauca
565 1358 603 1401 en
633 1337 709 1401 aliis
737 1337 888 1419 fontibus,
919 1337 1020 1402 Libro
1049 1336 1202 1402 bistoriae
1224 1338 1331 1402 Fran-

214 1448 329 1507 corum,
351 1425 535 1490 Annalibus
551 1425 774 1507 Fuldensibus,
791 1426 970 1508 Recinonis
992 1426 1114 1491 abbatis
1129 1425 1332 1490 Prnmiensis
1351 1451 1377 1490 10

214 1515 382 1581 cbronico1
405 1514 619 1580 admiscuerit.
659 1516 735 1595 Nec,
760 1515 818 1579 etsi
835 1515 911 1580 inde
932 1517 971 1580 ab
990 1538 1021 1580 a.
1039 1521 1114 1577 776.
1138 1515 1206 1593 fere
1228 1514 1332 1596 mayis

214 1604 378 1686 Reyinone
414 1603 584 1684 innitatur,
623 1603 692 1667 icteo
730 1605 865 1668 annales
902 1611 1025 1668 nostros
1062 1603 1214 1683 deseruit,
1252 1602 1332 1684 quin

213 1693 318 1772 immo,
349 1691 400 1757 bic
425 1691 494 1756 illic
523 1712 630 1755 eorum
658 1692 761 1756 corbis
783 1692 985 1757 Prumiensis
1015 1691 1161 1757 cbronico
1190 1691 1330 1772 insertis,

214 1782 382 1845 nonnullos
404 1801 507 1844 annos
529 1779 625 1844 ctiam
648 1786 712 1845 tum
735 1780 863 1845 omnino
886 1782 933 1845 cel
962 1781 1114 1845 maiorem
1137 1787 1264 1861 partem
1294 1801 1332 1844 en

214 1869 259 1933 eis
293 1868 468 1950 exscripsit.
532 1868 727 1949 Ubicumque
764 1890 802 1933 33
839 1869 957 1933 nostris
995 1869 1117 1949 bausit,
1157 1869 1332 1934 orationem
1352 1894 1377 1933 15

214 1958 339 2040 quictem
361 1957 560 2038 aliquantulo
583 1957 744 2022 mitiorem
773 1959 903 2022 reclclere
932 1958 1060 2038 studuit,
1092 1960 1147 2023 sect
1168 1979 1332 2040 perpauca

213 2047 354 2112 mutauit.
394 2048 583 2128 Plerumque
606 2047 748 2128 aliquam
766 2046 1015 2112 coniunctionem
1034 2045 1132 2128 (uelut
1147 2069 1236 2124 vero,
1253 2069 1329 2130 que,

214 2158 358 2220 quoque,
384 2137 504 2219 etiam)
528 2135 728 2216 interponere
750 2135 830 2201 satis
853 2136 993 2217 babebat,
1018 2135 1150 2200 nonnisi
1165 2135 1332 2200 rarissime

214 2225 308 2289 oerba
325 2246 445 2305 parum
468 2232 613 2290 acmrate
637 2225 711 2307 lepit
732 2232 789 2290 aut
811 2247 849 2290 ea
871 2247 936 2290 non
958 2224 1038 2289 satis
1060 2224 1222 2288 intellexit.
1265 2223 1332 2288 Hic

213 2313 280 2378 illio
303 2336 324 2378 a
347 2313 453 2378 scriba
475 2314 710 2378 homoeoteleuto
732 2314 769 2379 in
792 2335 930 2379 errorem
954 2316 1043 2378 (lucto
1065 2335 1174 2394 pauca
1190 2319 1331 2393 praeter·
1350 2340 1377 2378 33

214 2401 323 2466 missa.
381 2401 552 2482 Complura
580 2403 623 2483 is,
655 2403 711 2484 qui
739 2410 835 2468 totum
864 2403 981 2467 librum
1011 2402 1133 2467 duabus
1162 2401 1332 2467 manibus‘2

214 2497 380 2555 exaratum
403 2491 521 2572 relepit,
551 2512 616 2556 non
639 2493 750 2574 aliqua
773 2492 966 2574 anctoritate,
996 2494 1052 2556 sect
1073 2491 1211 2573 propria
1241 2490 1331 2554 aesti-

214 2580 352 2644 matione
374 2579 502 2644 innisus
532 2581 689 2661 corripere
717 2588 847 2646 conatus
874 2587 928 2646 est.
980 2581 1168 2645 Atramento
1197 2579 1227 2643 is
1255 2600 1332 2642 usus

215 2675 261 2733 est
282 2668 356 2749 alio,
380 2689 496 2733 neonus
519 2670 587 2748 fere
610 2670 764 2751 aequalis.

321 2775 439 2839 Edidit
460 2775 516 2839 bos
539 2777 674 2840 annales
696 2775 846 2856 iuniores,
869 2775 992 2839 utiam
1015 2775 1185 2854 diuimns³‚
1204 2773 1332 2855 primns
1351 2797 1377 2838 33

215 2864 473 2929 Franciscus
496 2864 710 2928 Ducbesne
734 2863 829 2945 (Cb.)
852 2863 889 2928 in
912 2884 1002 2944 opere
1026 2862 1203 2927 ‘Historiae
1226 2863 1332 2926 Fran·

215 2974 322 3018 corum
339 2953 532 3036 Scriptores'
549 2953 710 3033 inscripto,
731 2959 751 3016 t.
768 2953 842 3032 III,
858 2975 894 3034 p.
912 2959 975 3016 262
988 2972 1053 3032 sqq.
1075 2947 1199 3028 (Paris.
1220 2950 1331 3032 1641).

220 3041 291 3123 Qui,
316 3063 507 3122 quamquam
530 3041 661 3106 nonnisi
684 3042 864 3123 apoprapbo
890 3062 967 3104 3333
996 3060 1061 3104 3333
1089 3040 1223 3121 uidetur,
1255 3061 1333 3123 opus

215 3130 294 3194 satis
324 3131 460 3209 fideliter
482 3130 642 3211 cupressit,
672 3130 809 3208 fontium
838 3136 943 3194 tamen
973 3127 1105 3193 nonnisi
1128 3136 1254 3209 partem
1284 3150 1332 3193 33-

209 3219 360 3300 ploranit.
423 3218 537 3283 Omisit
569 3240 607 3283 ea
641 3239 721 3300 quae
755 3240 877 3282 annum
911 3223 985 3280 687.
1017 3219 1228 3298 praecedant,
1268 3224 1332 3282 tum
1352 3244 1378 3282 33

216 3331 247 3371 3.
273 3313 471 3371 814-829.
496 3314 525 3371 et
547 3307 766 3371 narrationem
790 3329 820 3371 a.
846 3309 1063 3370 8304—837.
1088 3327 1126 3369 en
1149 3307 1333 3370 Annalibus

215 3395 424 3460 Bertinianis
447 3398 629 3461 desumtom.
654 3431 696 3439 —
720 3395 945 3460 Recensionem
969 3393 1187 3460 Obesnianam
1210 3394 1334 3475 repetiit

216 3485 259 3548 D.
284 3484 471 3564 Bouanet
497 3484 533 3548 in
560 3483 652 3548 tomis
675 3485 728 3547 Π.
753 3484 827 3547 III.
851 3485 887 3548 V.
912 3484 970 3549 VI.
994 3483 1076 3548 VII.
1100 3482 1202 3546 VIII.
1232 3484 1332 3548 colloc-

217 3573 313 3638 tionis
342 3595 427 3653 suae,
459 3573 513 3653 aiei
543 3573 646 3654 etiam,
677 3572 732 3636 nbi
761 3594 882 3637 necesse
911 3571 1084 3652 violabatur,
1114 3593 1203 3636 ueros
1230 3594 1333 3636 annos

216 3661 254 3726 in
282 3662 428 3743 oiiarpine
455 3661 605 3744 apposnit
634 3667 783 3742 notasque
813 3682 878 3725 non
908 3662 1103 3742 spernendas
1134 3660 1258 3726 aclieoit.
1290 3698 1332 3704 —-
1352 3686 1377 3724 33

221 3752 304 3831 (locos
326 3757 447 3815 secutus
475 3750 514 3815 a.
540 3751 585 3813 H.
609 3750 732 3814 Perta
755 3748 827 3834 (P.)
852 3757 882 3815 et
902 3751 971 3834 ipse
992 3749 1029 3813 in
1052 3750 1333 3815 Monumentorum

222 3839 417 3905 Germaniae
440 3839 512 3903 bist.
532 3845 611 3902 tonm
628 3837 747 3921 primo,
766 3861 801 3920 p.
819 3847 881 3904 316
894 3860 970 3921 saa,
992 3836 1175 3904 Obesniana
1198 3840 1333 3904 editione

219 4066 244 4134 1)
272 4068 347 4130 Quocl
364 4068 443 4117 otiam
462 4069 491 4116 iu
509 4067 592 4117 coaice
610 4066 782 4118 Dnuelmensi
795 4075 857 4134 post
875 4069 995 4120 Annales
1013 4069 1149 4120 Mettenses
1164 4071 1271 4134 priores
1292 4071 1334 4118 in-

216 4141 304 4188 oonirt
328 4154 413 4203 snpra
438 4143 475 4203 (p,
493 4138 528 4197 V)
554 4140 765 4192 rtlemot'avlmms.
846 4140 873 4207 2)
902 4140 1023 4202 Quarum
1042 4146 1130 4191 tamen
1149 4143 1241 4206 primu
1260 4140 1333 4204 tonpe

217 4211 366 4259 marimum
380 4215 488 4274 purtem
506 4211 623 4275 scripsit.
687 4209 714 4277 3)
735 4210 777 4273 Of.
797 4227 882 4277 supra
899 4230 926 4278 p.
944 4212 973 4264 V.
1037 4211 1066 4277 4)
1086 4211 1167 4260 Gesta
1186 4212 1256 4260 anni
1272 4213 1332 4264 830.
1352 4225 1379 4263 40

216 4281 247 4330 in
265 4281 315 4330 bac
334 4281 514 4347 compilatione
533 4281 579 4346 bis,
598 4281 679 4332 semel
695 4298 729 4331 en
747 4282 900 4333 Atinatibus
917 4281 1089 4333 Mettensibus
1105 4282 1254 4348 prioribus,
1277 4287 1333 4331 tum

217 4368 251 4404 erc
267 4352 419 4402 Annalibus
436 4353 604 4404 Berttnianls
622 4352 782 4414 referuntur·
789 4369 801 4415 ,·
819 4355 853 4416 cf.
870 4353 1050 4418 Wattenbacb,
1069 4353 1111 4404 ‘N.
1128 4351 1239 4402 Arabio’
1253 4351 1333 4415 XVI,

214 4440 243 4489 p.
263 4425 323 4477 607.
343 4427 365 4474 et
386 4425 465 4487 infra
485 4441 512 4490 p.
530 4427 589 4488 105,
608 4439 633 4473 n.
654 4425 677 4476 1.
