2962 4942
272 452 308 506 80
407 447 590 503 ANNALES
607 447 832 502 METTllNSllS
850 446 1022 504 PRIORES.
1053 447 1088 504 A.
1102 452 1256 507 sea—795.

153 674 181 714 A.
192 605 263 714 ἕξ
272 625 404 680 fossatum
428 643 560 695 magnum
586 625 702 696 [intera]
726 626 882 679 Alemana¹
907 629 935 679 et
959 625 1114 679 Radantia²
1138 626 1273 695 pervenit,
1299 627 1391 696 ibique

272 715 349 768 missi
367 715 511 784 apostolici
537 731 600 767 cum
621 715 728 784 magnis
753 715 911 768 muneribus
935 714 1086 782 presentati
1110 719 1180 770 sunt.
1224 714 1271 769 Ibi
1295 717 1391 770 missus

271 804 406 858 nuntiavit
425 803 545 857 Saxones
564 803 665 857 iterum
684 802 844 858 fefellisseb.
887 802 958 856 Inde
982 820 1032 871 per
1049 802 1222 857 Radantiam
1247 805 1276 857 in
1294 803 1390 859 Mohin

270 893 369 946 navale
386 893 439 946 iter
454 909 596 961 peragens,
609 892 729 944 natalem
740 891 852 944 Domini
865 892 1013 945 celebravit
1025 891 1060 944 ad
1072 895 1197 946 sanetum
1210 891 1386 947 chilianum0

152 1021 179 1058 A,
190 1031 210 1059 r.
221 1021 260 1060 Fr.
270 981 299 1034 in
311 979 520 1036 wirzinburhd.
1408 994 1420 1033 a

201 1076 260 1129 794,
378 1069 500 1123 Annos
524 1068 728 1123 dominicae
753 1068 1024 1122 incarnationis
1049 1066 1240 1125 DCOXOIIII.
1285 1068 1391 1124 Pascha

149 1145 215 1186 Man*
227 1145 260 1185 ²⁸·
271 1159 440 1214 celebratum
459 1163 500 1212 est
517 1159 546 1211 in
564 1157 775 1225 Franconofurt,
800 1157 893 1226 ibique
911 1162 1079 1227 congregata
1097 1161 1138 1211 est
1158 1157 1269 1211 sinodus
1290 1176 1391 1230 magna

271 1249 461 1318 episcoporum
487 1245 649 1315 Galliarum,
676 1246 914 1315 Germaniarum,
939 1246 1098 1300 Italiarum
1120 1248 1148 1300 in
1173 1248 1312 1316 presentia
1336 1249 1389 1302 iam

271 1337 321 1390 fati
339 1337 469 1406 principis
488 1340 516 1388 et
533 1335 677 1389 missorum
696 1335 790 1389 domni
808 1334 952 1403 apostolici
964 1335 1087 1405 Adriani,
1107 1352 1224 1404 quorum
1242 1341 1306 1389 sunt
1322 1337 1390 1391 haec

269 1426 397 1480 nomina:
416 1424 631 1494 Theophilactus
650 1429 676 1478 et
693 1423 847 1492 Stephanus
866 1424 995 1492 episcopi.
1025 1423 1069 1477 Ibi
1087 1424 1169 1477 tertio
1188 1424 1390 1495 condempnata
1408 1440 1431 1478 ro

270 1520 311 1570 est
337 1514 440 1569 heresis
464 1513 612 1569 Felieiana.
658 1512 746 1583 Quam
772 1511 995 1582 dampnationem
1020 1530 1071 1581 per
1096 1513 1287 1567 auctoritatem
1313 1531 1389 1568 sanc·

270 1608 362 1657 torum
380 1610 490 1671 patrum
509 1603 537 1654 in
555 1602 625 1657 libro
645 1602 874 1670 conscripserunt,
893 1619 974 1669 quem
992 1601 1093 1654 librum
1115 1619 1208 1656 omnes
1234 1602 1389 1657 sacerdotes

270 1692 395 1746 manibus
425 1690 543 1759 propriis
572 1690 798 1759 subscripserunt.
846 1688 893 1742 ibi
920 1689 989 1744 obiit
1016 1689 1149 1743 Fastrada
1178 1690 1275 1761 regina
1307 1695 1335 1745 et
1361 1692 1389 1746 in

270 1779 371 1835 Sancto
384 1778 494 1832 Albano
513 1777 662 1832 honorifice
680 1779 787 1846 sepulta
806 1783 855 1834 est.
891 1777 1112 1832 Pseudosinodus
1127 1777 1286 1847 (trecorum,
1306 1798 1389 1848 quam

270 1867 360 1922 falsof
376 1867 521 1937 septimam
539 1867 682 1935 vocabant,
701 1883 751 1935 pro
771 1866 916 1920 adorandis
935 1866 1098 1937 imaginibus
1112 1867 1269 1937 fecerunta,
1287 1871 1389 1923 reiecta
1407 1882 1429 1920 is

271 1962 312 2012 est
332 1961 349 2010 a
373 1955 557 2026 pontificibus.
600 1955 670 2009 Inde
695 1959 785 2009 motus
810 1960 851 2010 est
876 1956 1012 2010 exercitus
1036 1957 1159 2025 partibus
1178 1956 1314 2011 Saxoniae
1339 1975 1389 2027 per

270 2047 336 2101 duas
354 2051 473 2100 turmas:
493 2046 521 2098 in
540 2062 593 2098 una
612 2044 666 2097 fuit
690 2044 806 2098 domnus
825 2043 938 2098 Carolus
964 2044 1172 2114 gloriosissimus
1197 2062 1256 2113 rex,
1281 2045 1311 2098 in
1336 2048 1389 2104 alia

269 2137 343 2190 misit
370 2136 502 2189 domnum
529 2133 667 2200 carolum,
698 2134 898 2187 nobilissimum
926 2133 1012 2186 filium
1040 2150 1127 2200 suum,
1158 2152 1208 2203 per
1235 2133 1386 2191 Coloniam.

271 2223 393 2278 Saxones
411 2229 502 2278 autem
521 2226 718 2293 congregantes
737 2226 765 2276 se
783 2222 812 2275 in
831 2240 927 2290 campo
945 2222 991 2290 qui
1010 2222 1111 2276 dicitur
1123 2221 1308 2292 Sinafeldh·⁸,
1326 2242 1386 2293 pre-

269 2318 396 2383 parantes
421 2331 449 2366 se
475 2313 551 2382 quasi
577 2311 611 2365 ad
635 2330 763 2381 pugnam.
811 2311 880 2364 (lum
907 2328 972 2364 vero
1000 2311 1138 2364 audissent
1164 2329 1192 2364 se
1221 2329 1255 2366 ex
1283 2312 1387 2366 duabus
1405 2327 1429 2366 ao

102 2384 258 2488 ‘flssssgffg'
269 2401 392 2470 partibus
411 2419 468 2455 esse
487 2400 678 2468 circumdatos,
691 2401 831 2469 dissipavit
843 2400 916 2454 Deus
930 2401 1041 2453 consilia
1054 2418 1156 2455 eorum.
1188 2399 1242 2454 nti
1263 2402 1387 2470 quamvis

270 2489 458 2544 fraudulenter
476 2494 504 2544 et
517 2489 682 2543 Christianos
701 2493 729 2543 se
749 2494 776 2543 et
793 2489 887 2543 fideles
906 2489 1006 2542 domni
1024 2490 1103 2560 regis
1122 2489 1181 2542 fore
1193 2490 1385 2558 promiserunt,

270 2578 335 2632 reni
361 2578 395 2631 ad
420 2580 557 2647 palacium
576 2580 650 2647 quod
668 2578 756 2646 Aquis
774 2583 888 2632 vocatur
912 2578 993 2631 rediit
1018 2579 1111 2646 ibique
1137 2579 1257 2631 natalem
1275 2578 1386 2633 Domini

270 2668 445 2722 celebravit4.

155 2804 175 2840 Α
199 2736 259 2844 79F5·
376 2756 501 2810 Annok
523 2757 727 2809 dominicae
749 2755 1020 2809 incarnationis
1038 2755 1195 2812 DOOXOV.
1233 2754 1385 2810 Carolus
1402 2768 1427 2808 aa

179 2816 213 2847 ,r.
241 2817 260 2846 r.
268 2863 317 2899 rex
336 2847 410 2900 venit
429 2846 464 2899 ad
482 2847 573 2898 locum
595 2845 642 2913 qui
667 2845 768 2898 dicitur
785 2843 1007 2912 Ouffinstainl·⁵,
1033 2844 1061 2896 in
1086 2845 1247 2898 suburbium
1268 2843 1384 2916 Mogon-

268 2935 393 2988 tiacensis
418 2935 501 3003 urbiS,
529 2938 557 2987 et
584 2934 672 2986 tenuit
698 2933 738 2986 ibi
764 2934 896 3001 placitum
924 2951 1010 2988 suum,
1057 2932 1181 2987 Audiens
1207 2951 1283 3000 vere,
1312 2933 1384 3003 quod

269 3021 389 3077 Saxones
407 3041 483 3077 more
502 3024 581 3076 solito
600 3022 808 3091 promissionem
827 3039 911 3091 suam,
931 3039 1013 3088 quam
1032 3021 1067 3074 de
1084 3021 1213 3074 habenda
1225 3020 1384 3076 Christiani·

269 3115 325 3164 tate
344 3117 370 3164 et
392 3112 445 3164 fide
464 3114 535 3181 regis
553 3111 673 3165 tenenda
691 3111 822 3178 fecerant,
840 3111 947 3162 irritam
965 3110 1099 3176 fecissent,
1126 3127 1189 3165 cum
1215 3112 1384 3164 exercituin

269 3200 415 3253 Saxoniam
434 3203 569 3270 ingressus
589 3206 630 3254 est
649 3205 676 3254 et
694 3218 778 3268 usque
797 3200 832 3252 ad
849 3199 961 3252 fluvium
974 3201 1071 3254 Albim
1089 3199 1221 3268 pervenit,
1240 3198 1275 3251 ad
1293 3200 1383 3253 locum
1401 3213 1425 3251 ac

269 3290 315 3355 qui
334 3289 433 3342 dicitur
448 3290 574 3343 Hliuni⁶.
610 3290 644 3343 ln
664 3307 717 3357 quo
736 3296 801 3342 tunc
813 3289 940 3341 Witzinm
953 3289 1153 3342 Abodritorum
1172 3305 1221 3340 rex
1241 3286 1383 3342 aSaxoni-

268 3378 318 3430 bus
337 3376 439 3430 occisus
459 3382 505 3432 est.
543 3379 588 3431 Ibi
613 3381 696 3432 etiam
723 3382 855 3431 venerunt
879 3378 955 3429 missi
978 3377 1100 3444 tudunss,
1126 3376 1171 3444 qui
1194 3376 1223 3428 in
1247 3381 1331 3446 gente
1356 3381 1383 3431 et

174 3474 352 3534 *aisaregno
378 3468 533 3520 Avarorum
558 3486 687 3536 magnam
712 3471 876 3534 potestatem
902 3466 1036 3534 habehat3
1063 3466 1123 3533 *qui
1148 3465 1283 3536 dixerunt,
1310 3466 1383 3536 quod

269 3554 341 3606 idern
359 3555 498 3607 tudunss·⁷
518 3572 579 3606 cum
598 3561 671 3609 terra
690 3560 718 3609 et
736 3556 837 3624 populo
857 3572 905 3608 suo
925 3557 953 3607 se
975 3556 1034 3624 regi
1060 3555 1160 3608 dedere
1184 3555 1277 3610 vellet.
1321 3555 1383 3610 Rex

268 3768 288 3816 a)
303 3770 400 3816 supplevi
413 3779 440 3806 ex
450 3769 475 3806 A.
488 3769 553 3808 r.Fr.
607 3769 629 3820 b)
644 3771 742 3809 lefelisse
757 3771 810 3817 A1;
826 3770 966 3816 supplendum
980 3769 1046 3807 fidem
1061 3780 1124 3808 suam
1138 3771 1252 3808 secundum
1269 3775 1294 3808 Δ.
1305 3782 1325 3813 r.
1335 3771 1381 3820 Fr„
1400 3777 1424 3815 35

268 3831 320 3867 qliae
333 3823 408 3859 desunt
421 3822 485 3860 stiam
499 3823 521 3858 in
536 3822 618 3860 (lacobus
631 3825 694 3861 libris
704 3824 817 3862 eorundem
827 3823 904 3860 classis
913 3823 943 3872 0,·
958 3822 986 3868 cf.
1001 3823 1066 3860 Wibel
1075 3824 1090 3860 l.
1101 3824 1116 3860 l.
1128 3835 1153 3871 p.
1165 3823 1198 3871 30,
1208 3835 1230 3862 n.
1242 3825 1265 3872 13
1281 3824 1381 3864 Saxones

268 3875 304 3915 (ad
318 3876 383 3925 corr.)
402 3887 416 3914 a
432 3871 476 3912 tide
495 3875 603 3915 defecisse
620 3877 673 3915 Lob.
756 3878 776 3928 c)
794 3878 825 3914 sic
839 3877 888 3914 Ar.
904 3876 956 3916 Lob.
972 3877 1039 3920 (Αηη,
1053 3888 1072 3918 ν.
1085 3877 1148 3924 Fr.);
1167 3876 1281 3916 Killanum
1296 3878 1345 3917 131.
1360 3879 1379 3917 2.

271 3926 352 3968 Vadam.
420 3927 442 3978 d)
458 3929 607 3976 lt'irzenburg
620 3931 673 3969 Lol).
681 3942 689 3975 ;
702 3932 845 3976 Wirsinburg
858 3930 940 3967 Vedast.
948 3941 956 3975 ;
974 3930 1099 3968 uuitziburc
1113 3931 1132 3967 B
1143 3934 1161 3970 l.
1231 3931 1252 3981 e)
1271 3932 1337 3971 Anno
1356 3952 1380 3960 -

268 3978 415 4022 DCCXCIIII.
430 3993 470 4022 oni.
486 3982 534 4022 ΑΙ,
590 3984 606 4033 l)
621 3984 670 4023 falsi
685 3985 705 4021 A
716 3985 734 4025 1,
790 3985 813 4035 g)
828 3985 859 4020 ita
873 3984 936 4020 etlam
949 3983 1006 4024 Ann,
1020 3995 1039 4024 r.
1053 3984 1091 4024 Fr.
1152 3983 1175 4033 h)
1190 3982 1308 4024 Sinistfeld
1322 3985 1379 4024 Ana.

268 4041 286 4068 r.
302 4033 349 4081 Fr„
367 4035 404 4072 sed
418 4036 519 4073 sinasfelt
533 4046 605 4074 eorum
621 4040 688 4076 codex
702 4039 720 4076 Β
729 4039 749 4077 4.
819 4037 835 4086 i)
854 4037 884 4074 sic
898 4036 1021 4073 distinctum
1035 4041 1065 4075 est
1079 4039 1102 4074 in
1116 4039 1135 4074 A
1146 4038 1165 4075 1.
1235 4037 1258 4087 k)
1276 4039 1340 4077 Anno
1355 4059 1381 4067 -
1398 4043 1424 4081 40

266 4083 389 4128 Dccxcv.
405 4099 446 4126 om.
462 4089 508 4128 Al.
564 4090 578 4139 l)
593 4091 696 4131 cuffinstii
712 4092 756 4134 Al.
812 4093 841 4138 m)
857 4088 1020 4140 tuncuiuitllzin
1034 4092 1082 4128 Al.
1138 4092 1159 4139 n)
1175 4088 1250 4129 tridun
1266 4093 1312 4130 Al.

390 4281 443 4336 fllil.
532 4286 559 4350 2)
583 4287 696 4340 Redaila
713 4289 765 4337 sive
784 4285 875 4338 Rczat.
965 4286 993 4351 3)
1019 4285 1078 4336 Das
1097 4285 1224 4346 Sendfeld
1241 4303 1253 4337 e
1271 4286 1381 4341 meridie

426 4353 525 4407 srbora.
615 4360 642 4427 4)
668 4361 702 4412 A.
722 4374 746 4411 r.
765 4357 815 4411 Fr.
834 4356 911 4409 add:
937 4359 964 4406 et
981 4355 1089 4423 paseha.
1179 4356 1206 4424 5)
1233 4356 1379 4410 Koslheim.

438 4437 489 4488 ’ope
506 4425 658 4496 Iatneburp,
733 4427 759 4496 7)
781 4428 821 4492 Os.
840 4427 1037 4479 Abel-Simeon
1057 4428 1095 4491 ΙΙ,
1115 4443 1144 4493 p.
1164 4429 1207 4491 97,
1227 4445 1253 4480 n.
1273 4430 1297 4480 6.
