2962 4942
284 452 465 508 ANNALns
482 452 707 509 nemausas
725 453 898 512 PRIORES.
928 456 964 512 A.
979 459 1041 513 800.
1059 459 1121 514 801.
1227 459 1264 514 87

147 652 222 703 ratos
244 648 369 704 absolvit.
412 647 620 718 Celebravitque
642 650 762 703 natalem
780 648 892 704 Domini
912 650 1039 706 Romaea
1060 639 1097 702 in
1120 640 1264 705 basilica
1272 619 1368 729 2223,

148 726 243 791 beati
265 726 361 791 Petri
384 725 540 810 apostoli.
758 726 761 733 ’

254 825 377 880 Aunob
413 826 618 880 dominicae
653 827 925 882 incarnationis
954 827 1071 885 00001.
1123 827 1190 899 Ιο00
1219 828 1381 884 diemarr.

147 915 329 970 sacratissima
346 915 445 968 natalis
463 914 582 983 Domini,
608 933 672 970 cnm
689 933 740 969 rex
764 916 800 969 ad
824 917 933 970 missam
959 921 1022 971 ante
1047 917 1264 972 confessionem1

115 1016 129 1056 a
147 1004 221 1058 beati
233 1002 310 1057 Petri
329 1004 463 1072 00000011ο
481 1005 515 1058 01)
534 1005 659 1058 oratione
678 1003 906 1075 consurgeretd,
924 1004 982 1059 Leo
1000 1016 1092 1074 papa⁸
1110 1005 1262 1061 coronamf

147 1093 232 1162 capiti
258 1092 316 1146 eius
342 1091 486 1160 imposuit,
513 1096 540 1146 et
568 1095 584 1145 a
611 1096 710 1147 cuncto
738 1092 926 1153 Romanorum
952 1095 1055 1162 populo
1084 1095 1264 1148 acclamatum

148 1181 253 1235 est8·²:
273 1179 381 1235 ‘Carolo
401 1184 524 1250 augusto,
543 1180 629 1235 aDeo
648 1186 788 1250 coronato,
806 1199 907 1252 magno
927 1186 955 1235 et
972 1181 1086 1251 pacifico
1104 1183 1264 1251 imperatori

147 1269 344 1337 Romanorum,
362 1270 419 1323 vita
437 1274 465 1323 00
482 1269 620 1324 victoriat'
656 1269 724 1323 Post
741 1270 852 1324 laudes³
869 1288 947 1326 vero
968 1261 989 1323 a
1008 1259 1264 1344 0100040100οη-

147 1341 295 1410 0000οΜ
323 1356 378 1410 abh
407 1359 557 1427 apostolico
585 1375 662 1412 more
690 1359 865 1427 antiquorum
891 1359 1046 1430 principum
1071 1360 1199 1414 adoratus
1224 1364 1265 1414 est

103 1459 129 1498 10
148 1452 229 1516 atque
256 1448 346 1501 ablato
373 1447 483 1517 patricii
510 1448 621 1501 nomine
648 1448 797 1516 imperator
824 1451 852 1501 et
879 1452 1008 1516 augustus
1036 1449 1187 1517 appellatus
1215 1453 1264 1503 est.

147 1537 213 1590 Post
231 1552 333 1605 paucos
350 1553 435 1589 vero
455 1535 513 1589 dies
532 1536 725 1590 accersitis
743 1536 798 1589 his
811 1537 856 1604 qui
868 1534 1027 1606 pontificem
1040 1554 1111 1590 anno
1124 1538 1264 1606 superiore

147 1625 337 1694 deposuerant,
356 1628 383 1678 et
401 1623 496 1677 habita
514 1625 549 1678 de
570 1624 626 1678 his
650 1625 800 1692 questione,
826 1625 975 1678 secundum
1000 1626 1091 1694 legem
1108 1624 1263 1680 Romanam

147 1718 178 1767 ut
197 1713 345 1767 maiestatis
370 1713 410 1766 rei
436 1712 566 1781 capitali
592 1713 780 1768 sententia
804 1713 946 1783 dampnati
971 1717 1042 1771 sunt.
1085 1713 1141 1768 Pro
1165 1715 1264 1783 quibus

146 1807 239 1855 tamen
267 1802 361 1855 idem
387 1800 559 1869 pontifex
583 1801 629 1870 pio
656 1801 755 1856 affectu
780 1801 853 1870 apud
877 1802 1072 1871 imperatorem
1097 1802 1264 1873 intercessit3

105 1901 129 1942 0
146 1891 285 1944 iccirco
304 1893 333 1943 et
350 1889 406 1944 vita
425 1894 453 1944 et
470 1891 658 1944 membrorum
675 1890 817 1960 integritas
835 1891 873 1944 eis
898 1907 1026 1945 concessa
1050 1894 1098 1947 est.
1136 1890 1265 1945 (letarum

146 1996 196 2047 pro
224 1978 352 2032 facinoris
382 1978 572 2048 magnitudine
599 1979 681 2032 exilio
712 1978 865 2048 deputatii
899 1982 969 2035 sunt.
1018 1978 1109 2033 Huius
1138 1979 1265 2033 factionis

147 2067 224 2121 fuere
241 2067 379 2135 principes
395 2065 515 2120 Pascalis
534 2068 723 2121 nomenclator
741 2071 769 2122 et
782 2066 928 2136 campolus
946 2067 1123 2121 sacellariuak
1138 2073 1166 2122 et
1184 2069 1264 2121 multi

147 2156 193 2208 alii
219 2155 361 2208 Romanae
391 2156 466 2210 urbis
493 2155 659 2209 habitatores
689 2155 808 2225 nobiles,
840 2157 886 2223 qui
914 2157 994 2224 pari
1021 2156 1155 2210 sententia
1183 2157 1264 2209 simul

147 2244 288 2313 dampnati
307 2248 377 2299 sunt.
408 2243 547 2298 Ordinatis
564 2244 663 2297 deinde
675 2242 817 2296 Romanae
835 2244 910 2296 urbis
929 2248 956 2297 et
972 2245 1114 2313 apostolici
1126 2246 1264 2312 totiusque
1272 2248 1335 2302 801.

104 2345 130 2384 so
147 2332 245 2386 Italiae
274 2350 331 2386 non
360 2336 468 2386 tantum
497 2331 645 2401 publicisl,
676 2331 723 2385 sed
751 2331 833 2384 etiam
862 2333 1050 2404 ecclesiasticis
1077 2333 1264 2402 privatisque

148 2422 325 2491 negotiis,
352 2417 437 2490 quod
464 2439 527 2491 per
553 2425 648 2475 totam
674 2421 799 2473 hiemem
829 2422 979 2490 imperator
1005 2407 1265 2492 infatigabiliter⁶

147 2509 321 2579 peregerat,
340 2511 476 2578 missaque
494 2511 593 2564 iterum
612 2509 785 2578 expeditione
798 2509 839 2563 *in
851 2509 1058 2564 Beneventanus
1072 2528 1134 2565 cum
1146 2509 1305 2580 Pippino*1‘.
1316 2518 1361 2558 100

148 2598 205 2652 filio
224 2616 282 2667 suo,
307 2600 365 2668 ipse
386 2603 449 2668 post
465 2599 568 2667 pascha
581 2597 656 2654 VI.111
668 2597 732 2653 Kal.
752 2596 820 2651 Maii
838 2598 929 2652 Roma
952 2600 1091 2668 profectus
1110 2599 1266 2667 Spoletium
1275 2605 1403 2656 100400.

148 2689 231 2744 venit.
268 2687 386 2756 Ibique
405 2687 470 2741 dum
489 2688 612 2758 [000οΠ),
630 2685 669 2743 ΙΙ.
683 2686 747 2740 Κο1.
759 2686 829 2740 Maii
846 2688 914 2741 hora
931 2688 1020 2742 noctis
1038 2688 1157 2742 secunda
1175 2691 1266 2740 terrae
1275 2696 1330 2745 Ape.
1341 2694 1375 2734 00.

105 2788 131 2827 ac
149 2780 239 2830 motus
263 2786 424 2847 magnus⁰
451 2776 540 2829 factus
564 2780 619 2844 est,
645 2793 698 2844 quo
723 2780 782 2829 tota
807 2774 889 2830 Italia
913 2777 1035 2846 graviter
1060 2793 1191 2830 concussa
1215 2777 1265 2831 est.

149 2864 210 2934 Quo
229 2869 306 2919 motu
324 2868 428 2920 tectum
447 2865 557 2918 etiam
574 2864 700 2919 basilicae
722 2865 841 2918 sancti
858 2865 940 2919 Pauli
965 2864 1081 2935 apostoli
1105 2881 1206 2934 magna
1232 2880 1267 2916 ex

148 2958 226 3022 parte
254 2972 316 3008 cum
344 2954 398 3007 suis
425 2952 549 3007 trabibus
577 2953 714 3020 ceciditr,
743 2957 771 3007 et
797 2954 825 3007 in
853 2954 1016 3022 quibusdam
1042 2953 1109 3007 locis
1140 2953 1264 3008 orbisu

149 3048 255 3098 montes
272 3046 393 3098 ruerunt.

255 3131 363 3185 Eodem
375 3148 446 3184 anno
458 3131 519 3184 loca
535 3131 690 3198 quaedamr
707 3131 778 3185 circa
790 3131 899 3185 Renum
914 3130 1029 3184 fiuvium
1043 3130 1127 3183 inter
1139 3128 1267 3185 Galliam
1276 3143 1303 3182 Α.
1314 3152 1333 3181 r.
1343 3141 1384 3181 rr.

107 3232 132 3271 ao
151 3225 177 3274 et
203 3220 403 3274 Germaniams
430 3223 609 3294 tremuerunt.
654 3219 814 3274 Pestilentia
842 3218 950 3272 etiam
976 3223 1090 3288 propter
1116 3219 1267 3274 molliciem

150 3367 171 3411 a)
186 3374 247 3403 rome
261 3364 308 3402 Ar.
364 3361 388 3414 b)
402 3361 608 3403 Anno-DCCCL
625 3363 729 3401 om.A1.
779 3360 800 3412 c)
814 3362 845 3400 ita
859 3362 938 3401 Anien.
954 3366 978 3399 ut
991 3363 1049 3401 Aren.
1060 3373 1079 3402 r.
1089 3363 1128 3402 Fr.
1134 3376 1142 3411 ,·
1158 3375 1200 3403 em.
1215 3365 1263 3403 Al.

150 3416 173 3468 d)
192 3419 223 3455 ita
241 3418 305 3455 etiem
324 3417 404 3458 Aaron.
485 3416 506 3466 0)
528 3427 578 3454 cum
596 3417 688 3454 consilio
708 3416 805 3454 omnium
824 3415 979 3464 episcoporum
997 3417 1046 3455 slve
1064 3417 1207 3456 sacerdotum
1225 3427 1265 3456 000

150 3476 229 3510 senatu
243 3469 291 3520 (aie)
305 3471 442 3508 Francorum
456 3480 544 3508 necnon
558 3473 582 3508 et
594 3470 746 3508 Romanorum
760 3468 811 3507 edd.
826 3469 907 3509 Anien.
975 3469 992 3520 l)
1010 3479 1103 3509 auream
1116 3471 1168 3509 add.
1182 3471 1264 3509 Antan.

150 3523 173 3574 g)
192 3521 298 3563 adiuncto
313 3523 381 3562 etiam
394 3523 495 3562 Romano
515 3523 598 3571 populo
615 3523 755 3562 acclamante
769 3531 886 3570 perperam
900 3522 979 3564 Antan.
1059 3523 1083 3573 h)
1102 3528 1125 3562 et
1138 3525 1167 3563 ab
1182 3524 1263 3564 Anien.

107 3579 131 3617 00
150 3579 165 3624 i)
184 3577 296 3626 deportati
314 3576 370 3618 Ana.
384 3587 404 3614 r.
418 3577 458 3615 Fr.
522 3575 546 3626 k)
564 3577 691 3629 secelerius,
709 3576 787 3614 recenti
804 3585 870 3613 manu
887 3585 945 3615 corr.
963 3575 1084 3615 saeeleriua
1102 3577 1122 3615 A
1133 3578 1152 3615 1.
1215 3577 1231 3628 1)
1251 3578 1264 3616 b

150 3641 176 3668 err
190 3631 211 3668 D
227 3633 346 3668 correctum
361 3630 446 3667 videtur
458 3629 508 3670 Ar.
585 3630 616 3680 m)
631 3630 681 3669 VII.
696 3629 753 3671 Ann.
768 3639 788 3668 r.
802 3629 841 3670 Fr.
917 3630 941 3678 n)
958 3630 1056 3677 supplevi
1073 3640 1100 3667 ere
1118 3632 1175 3670 Ana.
1190 3641 1210 3668 r.
1224 3631 1264 3672 Fr.

150 3685 171 3734 0)
194 3683 305 3722 maximus
325 3683 382 3721 Anu.
400 3694 419 3725 r.
436 3683 475 3722 Fr.
557 3680 580 3732 p)
600 3683 685 3721 corruit
703 3683 757 3722 000.
776 3685 800 3719 ut
817 3682 907 3730 Regino.
988 3682 1011 3733 q)
1032 3684 1098 3722 nrbes
1117 3683 1174 3721 Ana.
1189 3693 1209 3721 r.
1223 3683 1264 3723 Fr.

150 3739 168 3785 r)
184 3728 251 3786 ddam
265 3737 312 3775 Ar.
368 3735 387 3786 0)
401 3736 425 3774 in
440 3735 513 3776 Gallia
527 3741 550 3775 et
564 3735 686 3776 Germania
698 3735 755 3776 Ana.
771 3745 791 3776 r.
806 3736 845 3774 Fr.

151 3861 177 3930 1)
205 3860 228 3913 I.
254 3876 274 3913 e.
302 3859 450 3925 sepulerum
474 3860 557 3913 Petri.
648 3859 675 3928 2)
703 3859 757 3910 His
783 3865 845 3911 tune
869 3862 978 3912 acerbi
1003 3874 1073 3912 voees
1100 3862 1214 3926 augusto
1242 3866 1265 3911 et

107 3930 311 3998 coimperatori
335 3933 451 3982 insertae
475 3937 554 3990 suet,
578 3931 613 3995 ef.
635 3931 676 3986 W.
697 3929 762 3996 Ohr,
782 3931 841 3981 ‘Die
859 3931 1086 3996 Keiserlerdaerrq
1110 3930 1197 3980 Kerls
1220 3930 1265 3983 des

153 4001 281 4054 Groasen'
301 4002 433 4068 (Tatiae.
451 4008 475 4053 et
492 4002 568 4069 [Aps.
588 4004 680 4067 1904),
696 4004 858 4068 premerem
875 4018 905 4068 0.
925 4004 959 4057 65
971 4017 1044 4068 epar
1066 4000 1266 4053 Abel-Simeon

151 4073 191 4139 ΙΙ,
212 4090 242 4139 p.
261 4075 305 4136 41,
328 4089 355 4126 re.
375 4075 399 4126 2.
507 4075 534 4140 3)
558 4073 581 4126 Ι.
600 4089 620 4127 e.
639 4073 751 4138 hymnos
769 4071 808 4123 vel
823 4073 964 4131 litaniam
988 4072 1025 4136 cf.
1042 4072 1187 4138 Dueheane,
1204 4072 1265 4128 Lib.

148 4145 248 4210 portis.
267 4143 307 4208 II,
325 4160 355 4210 0.
373 4146 421 4210 87;
438 4143 595 4209 Walofrid,
613 4145 653 4195 De
671 4142 790 4194 exordiis
809 4149 832 4194 et
849 4145 1017 4196 incrementis
1034 4159 1087 4196 rer.
1106 4143 1165 4197 eccl.
1183 4159 1205 4196 e.
1220 4145 1265 4208 26,

153 4215 304 4283 Capitulor.
328 4213 369 4280 ΙΙ,
391 4230 422 4281 p.
448 4216 515 4282 506;
543 4214 739 4266 Abel-Simeon
763 4213 804 4278 ΙΙ,
827 4229 858 4280 0.
877 4216 938 4279 223,
963 4230 991 4268 re.
1009 4215 1034 4268 5.
1058 4229 1087 4279 0.
1106 4216 1168 4279 237,
1194 4230 1221 4269 a.
1239 4217 1265 4270 8.

108 4299 135 4339 lc
148 4303 178 4353 0.
189 4288 253 4352 482,
272 4301 300 4340 re.
312 4287 338 4339 4.
410 4285 438 4354 4)
458 4285 499 4350 Of.
518 4301 604 4353 supra
619 4301 649 4352 0.
669 4286 712 4350 09,
732 4285 749 4336 l.
769 4287 811 4340 10.
884 4284 911 4353 b)
930 4285 1002 4338 Aere.
1021 4300 1045 4338 r.
1065 4285 1130 4343 Fr:
1149 4283 1185 4337 Et
1203 4289 1267 4353 post

153 4356 262 4423 laudes;
289 4357 361 4410 Aac.
386 4373 410 4423 q.
437 4357 462 4410 d.
487 4357 641 4409 Einharde':
668 4353 735 4407 Post
761 4371 828 4422 quas
854 4354 957 4408 laudes.
1008 4395 1011 4400 -
1053 4356 1080 4425 6)
1110 4356 1152 4420 Os.
1179 4372 1268 4424 supra

150 4446 178 4496 p.
197 4431 241 4492 85,
267 4429 285 4481 l.
304 4429 346 4482 15.
