2962 4942
592 442 820 500 PRAEFATIO.
1222 444 1266 499 XI

145 647 223 690 0303
252 631 305 690 est.
358 626 515 708 Alioquin
548 628 593 691 ad
621 628 677 692 bos
706 627 842 691 annales
870 625 1061 690 iudicandos
1090 627 1266 692 studiorum

146 735 276 779 suorum
292 714 451 796 primitiis
473 716 511 780 de
533 717 737 782 Francorum
760 714 934 779 maioribus
961 715 1092 779 domus1
1115 716 1189 780 bene
1218 716 1265 781 tn

146 809 291 884 structus,
327 824 392 868 uon
420 805 511 868 modo
539 806 696 870 nonnulla
726 803 911 884 emendavit,
946 806 1002 868 sed
1035 803 1129 868 etiam
1163 805 1266 883 fontes

147 891 291 956 indicare
320 893 449 974 studuit,
482 914 673 975 quamquam
702 893 739 957 in
768 893 819 957 liis
849 892 1070 973 dipuosceudis
1098 892 1166 957 iam
1194 893 1265 958 ideo

115 1002 385 1062 snounumquam
418 981 455 1046 in
489 1003 628 1047 errorem
661 982 809 1047 inductus
842 981 921 1062 fuit,
960 981 1038 1062 quia
1071 982 1155 1046 banc
1189 1003 1265 1047 eom·

140 1069 330 1151 pilationem
364 1069 544 1152 antiquiore
578 1071 678 1135 inniti
707 1070 906 1153 ionorabat2.
961 1071 1030 1135 Nec
1058 1070 1166 1135 minus
1194 1071 1266 1136 iure

73 1209 82 1226 .
146 1157 271 1239 quidem
300 1159 531 1241 Frapmentum
560 1159 797 1225 Froberianum
832 1160 869 1223 de
898 1158 1039 1240 Pippino
1068 1161 1153 1240 duce,
1184 1161 1267 1241 quod

153 1246 311 1311 Obesnius
334 1249 557 1330 nepleyendum
580 1250 723 1328 duxerat,
747 1247 783 1312 in
805 1247 982 1312 subsidium
1003 1268 1101 1312 nonae
1117 1248 1266 1313 editionis

147 1335 302 1416 adbibnit,
333 1339 389 1401 sed
416 1337 464 1401 ita
493 1337 653 1401 interdum
682 1342 798 1400 tentum
820 1336 964 1417 priorem
996 1358 1065 1402 cum
1095 1337 1266 1402 recentiore

103 1448 128 1486 ιο
139 1424 339 1506 permiscuit.
401 1425 560 1504 Ueterum,
596 1424 746 1506 quoniam
776 1431 871 1489 totum
900 1445 979 1508 opus
1010 1446 1049 1490 en
1078 1425 1155 1490 aliis
1188 1447 1265 1491 com·

143 1512 280 1595 pilatum
308 1514 485 1595 perspexit,
520 1514 615 1579 etiam
644 1513 793 1595 pluribus
826 1534 921 1594 auam
958 1512 1113 1579 Oloesnius
1146 1515 1267 1594 fecerat

147 1601 281 1682 omissis,
306 1624 409 1667 anuos
425 1609 611 1667 687-788
636 1608 664 1667 et
681 1602 825 1684 priorem
847 1603 1068 1667 narrationem
1087 1605 1124 1668 de
1140 1626 1170 1668 0.
1189 1611 1263 1668 830.

147 1692 248 1754 denuo
270 1692 369 1772 edere,
389 1698 557 1772 praeterea
580 1693 661 1756 locos
684 1694 835 1772 quosdam
858 1713 889 1755 a.
908 1697 946 1754 77
952 1699 981 1756 0.
1000 1697 1075 1756 771.
1096 1698 1170 1757 778.
1188 1700 1263 1758 783.

148 1785 221 1842 790.
249 1785 322 1842 799.
347 1786 421 1846 800.
447 1787 522 1845 803.
547 1787 622 1844 804.
647 1787 720 1845 805.
744 1780 930 1845 Annalibus
951 1781 1043 1862 repul
1061 1783 1265 1847 Francorum

102 1891 128 1930 15
147 1865 239 1949 (quos
272 1868 419 1934 Annales
448 1870 675 1934 Laurissenses
709 1875 738 1934 el
771 1869 939 1934 Eiubardi
967 1871 1114 1935 Annales
1147 1893 1265 1936 nuncu·

139 1956 247 2040 pauit)
265 1957 493 2039 adscripsisse3
511 1958 591 2024 satis
613 1958 732 2023 babuit.
750 1993 792 2002 —
809 1959 854 2022 In
868 1980 946 2024 0303
963 1965 1087 2023 nostros
1097 1966 1264 2042 postquam

145 2067 173 2109 0.
191 2047 220 2110 d.
238 2046 373 2111 Marius
389 2048 564 2112 Krammer
580 2068 739 2111 annorum
756 2053 942 2111 687-768.
967 2054 1116 2112 eteorum
1132 2069 1212 2129 quae
1227 2050 1265 2114 de

145 2156 175 2198 a.
209 2140 283 2198 830.
319 2157 357 2199 eu
390 2136 576 2201 Annalibus
604 2135 815 2200 Mettensibus
842 2135 1011 2219 prioribus
1041 2137 1158 2200 liaustu
1191 2144 1266 2201 sunt

145 2223 357 2288 recensionem
387 2224 595 2289 Pertnianam
629 2247 699 2289 curn
729 2224 832 2290 codice
861 2223 1067 2289 Berolinensi
1097 2224 1265 2306 dilipenter

101 2338 128 2376 20
146 2311 285 2394 contulit,
308 2313 420 2378 deiude
446 2336 475 2378 0.
499 2314 529 2377 d.
553 2314 596 2377 B.
622 2313 816 2378 Scbrneidler
838 2335 869 2376 0.
895 2319 1080 2377 687-775.
1108 2313 1203 2378 etiam
1227 2336 1265 2379 eu

145 2403 248 2465 eodem
268 2410 414 2467 accurate
437 2401 610 2483 exscripsit,
629 2409 821 2484 postremum
842 2403 878 2468 V.
896 2401 944 2467 Ol.
965 2403 1265 2485 0110003000·

146 2489 290 2554 lectiones
312 2491 486 2556 annotaoit.

251 2579 314 2643 Est
334 2600 406 2644 uero
430 2580 648 2661 iudicandum,
680 2580 912 2662 compilatorem
941 2580 1100 2646 iuniorem
1129 2582 1264 2646 annales

145 2665 267 2746 priores
289 2689 354 2732 non
377 2674 441 2732 tam
456 2668 560 2749 ipsum
576 2676 770 2750 retractasse,
787 2691 882 2751 quam
898 2676 1083 2735 retractatos
1099 2670 1262 2752 accepisse.

102 2780 128 2818 n
151 2755 241 2835 Quod
261 2755 336 2821 inde
360 2758 541 2822 concludere
564 2757 642 2839 licet,
667 2760 750 2839 quod
765 2766 876 2839 partes
898 2760 1021 2838 formae
1043 2758 1139 2823 liuius
1161 2779 1263 2824 recen·

146 2843 238 2908 tiaris
259 2844 326 2908 iam
348 2845 386 2910 in

251 2929 332 3016 Bu)
367 2935 470 2999 codice
504 2935 707 3000 Parisino
741 2957 792 3000 nr.
828 2942 924 3016 5017,
960 2957 1040 3000 saec.
1080 2935 1153 3016 XI,
1190 2937 1263 3000 olim

147 3021 180 3085 8.
205 3023 339 3102 Arnulfi
361 3024 538 3104 Mettensis,
568 3046 667 3088 manu
696 3046 776 3090 saec.
804 3025 892 3089 XII.
916 3024 1094 3106 Repinonis
1117 3026 1263 3091 clironico

146 3132 176 3173 a.
203 3117 276 3173 777.
303 3118 376 3176 778.
404 3120 476 3177 783.
503 3119 577 3177 792.
603 3121 676 3178 793.
707 3120 782 3176 800.
808 3120 882 3177 80⁶2.
914 3119 988 3177 803.
1014 3116 1112 3176 804.4
1135 3115 1264 3180 additas

102 3224 128 3262 eo
145 3199 327 3279 reperimus.
367 3202 483 3266 Tentus
501 3203 638 3267 locorum
653 3202 844 3282 additarum,
861 3203 919 3267 etsi
937 3201 1112 3283 aliquando
1127 3204 1264 3285 paulum

145 3287 282 3370 mutilus,
306 3312 338 3353 a.
357 3296 431 3355 777.
456 3297 485 3355 et
508 3297 582 3356 803.
606 3290 741 3355 seruatis
763 3291 952 3372 quibusdam
973 3291 1086 3372 uerbis,
1118 3313 1197 3373 quae
1226 3293 1264 3358 in

146 3376 247 3441 codice
276 3377 482 3444 Beroliueusi
505 3379 735 3462 praetermissa
765 3385 854 3459 sunt,
878 3380 1015 3462 propius
1044 3382 1089 3445 ad
1117 3383 1264 3447 Annales

145 3465 315 3532 Mettenses
338 3468 468 3549 priores
490 3468 609 3534 accedit
619 3469 640 3531 ⁵.
686 3470 820 3549 Manus,
851 3475 887 3533 ut
908 3469 990 3534 uiris
1011 3469 1127 3534 luorum
1156 3492 1264 3536 rerum

139 3553 347 3634 peritissimis
373 3557 541 3638 specimine
571 3557 710 3622 codicis6
732 3557 876 3623 Parisiis
906 3559 1046 3623 benevole
1076 3560 1264 3624 transmisso

101 3667 127 3706 so
146 3642 243 3707 oculis
278 3666 404 3710 cernere
434 3646 531 3728 licuit,
567 3649 606 3711 ab
636 3667 752 3728 eorum,
787 3647 843 3728 qui
877 3647 992 3712 librum
1022 3646 1264 3713 Berolinensem

146 3851 171 3920 1)
198 3853 257 3905 ‘Die
280 3855 431 3907 Gosobicbte
456 3856 503 3908 dor
521 3858 759 3921 Merouinpischen
777 3857 957 3912 Housmeier’.
995 3857 1146 3910 Hannoocr.
1185 3858 1263 3911 1819.

144 3925 172 3987 2)
193 3923 286 3977 Etiam
303 3927 386 3978 nrulto
404 3930 491 3992 mopis
509 3944 539 3980 oa
557 3931 587 3980 in
605 3944 635 3978 re
647 3928 768 3992 Bouncll,
782 3930 841 3980 ‘Dic
853 3930 982 3994 Anfdupe
993 3929 1039 3978 des
1050 3928 1264 3993 karoliuptsclrcn

144 3994 263 4047 Hauscs'
289 4015 316 4064 p.
337 4000 396 4052 159.
428 4001 544 4063 eri-aon,
574 4014 736 4065 quampiam
762 4002 848 4065 plura
876 4016 909 4050 eu
935 4003 1024 4064 lanato
1052 3999 1124 4061 fonte
1152 4000 1263 4062 finxisse

145 4068 342 4122 arzimadoutit.
375 4069 446 4131 Quae
458 4069 591 4134 Repinoni
605 4069 768 4132 deberentur,
781 4077 891 4136 utroque
902 4072 1055 4121 accuratius
1067 4071 1121 4119 iam
1135 4070 1264 4121 Obesm'ns

100 4146 126 4184 40
144 4137 172 4199 (l.
194 4138 211 4190 l.
234 4154 262 4203 p.
282 4141 342 4193 282.
364 4142 426 4194 390.
445 4142 512 4194 292)
535 4141 664 4191 discrevit.
747 4140 774 4207 3)
794 4141 841 4193 88.
862 4141 886 4205 Ι,
911 4159 938 4207 p.
960 4143 1018 4193 148.
1042 4142 1101 4194 158.
1123 4143 1181 4194 164.
1203 4143 1262 4195 176.

146 4210 204 4262 186.
226 4211 373 4264 191-193.
446 4209 473 4278 4)
494 4211 538 4273 Of.
557 4211 704 4274 chinouis
721 4210 864 4262 chronicon
881 4227 930 4264 rec.
950 4211 983 4263 F.
997 4211 1097 4274 Kurze,
1118 4212 1164 4264 88.
1184 4228 1207 4265 r.
1230 4213 1262 4268 0.

142 4296 168 4344 p.
195 4283 238 4332 51.
267 4283 310 4334 59.
336 4285 379 4335 54.
405 4283 448 4337 58.
474 4283 515 4335 61.
543 4283 585 4335 64.
693 4281 720 4345 5)
748 4281 787 4345 Cf.
814 4283 894 4344 iufra
915 4298 944 4347 p.
968 4283 1010 4346 66,
1038 4283 1054 4335 l.
1077 4286 1101 4335 3.
1129 4285 1170 4347 90,
1197 4284 1214 4336 l.
1237 4285 1262 4339 9.

144 4349 171 4416 6)
197 4350 255 4403 Fol.
276 4352 317 4405 60.
344 4354 457 4417 aduersi,
484 4353 553 4418 quod
577 4368 602 4405 0.
621 4353 681 4405 809.
709 4351 769 4402 inde
787 4369 805 4403 a
823 4353 908 4404 uerbis
929 4351 962 4403 de
981 4350 1217 4420 Constantinopoli
1240 4361 1263 4406 et

144 4423 291 4470 ricanimam
310 4429 416 4487 partem
435 4440 460 4478 a.
479 4425 540 4478 803.
560 4421 678 4490 praebet,
